1765 2921
63 92 106 132 let

61 188 170 235 positione,
184 187 208 223 de
222 189 366 224 resurrectione
380 192 497 225 mortuorum
511 192 531 225 et
542 188 616 236 ericio
630 188 704 235 futuro,
720 199 768 236 quae
782 192 826 224 sunt

61 239 177 291 principales
187 239 411 293 religionis'cbristianae
419 241 511 280 veritates
515 252 521 290 3
535 244 628 286 vocantur
637 245 700 284 autem
711 241 749 282 lac
759 240 825 281 eadem

62 307 88 333 ex
102 307 167 342 causa,
180 297 208 333 uti
221 297 241 334 in
254 297 298 334 loco
313 298 401 345 superius
416 297 479 335 citato,
601 310 603 314 ·
643 313 648 326 i
811 325 813 327 v

116 351 137 391 c)
151 348 214 383 Verba
228 348 241 383 1.
257 348 300 384 Gor.
314 348 333 393 9,
348 350 379 386 20.
395 349 486 394 „Inlirmis
500 348 584 384 infirmus
599 348 660 383 sactus
675 349 729 383 sum“
745 349 825 383 seorsim

62 397 183 434 considerata
199 397 297 434 admittunt
311 398 387 446 quidem
401 409 488 435 sensum:
501 398 532 435 ille
547 398 676 446 adtemperavi
690 397 714 433 ad
728 398 825 443 tenuiores

62 451 164 502 opiniones
179 463 251 500 eorum,
266 452 330 502 quiin
346 452 456 505 cognitione
471 463 505 505 sua
519 450 603 492 nondum
617 451 664 491 satis
678 451 747 490 maturi
761 454 826 498 ernnt3

62 512 92 543 ast
107 508 163 542 eliam
177 507 201 542 de
215 507 392 544 accommodatione
406 507 539 555 paedagogica
556 507 587 543 vel
602 507 668 543 morali
682 506 764 553 intelligi
777 516 826 553 pos-

62 561 112 592 sunt.
129 557 157 592 De
172 567 252 602 quanam
267 562 330 592 autem
344 558 525 593 accommodationis
540 558 606 603 specie
619 567 687 592 revera
701 556 826 603 intelligenda

62 608 111 657 sint,
125 607 253 652 luce-clarius
266 612 329 658 patet,
347 608 364 648 si
378 612 480 648 contextus
495 608 553 648 totins
568 608 635 659 capitis
649 607 695 646 noni
709 610 729 645 et
742 617 826 658 praece-

63 663 125 701 dentis
139 664 260 712 respiciatur.
273 663 380 712 Apostolus
393 665 481 703 nimirum
490 665 573 703 lectores
583 668 653 711 monet,
668 665 687 701 in
697 661 827 712 omnitagendi

62 718 137 752 ratione
152 718 208 752 etiam
226 718 367 762 respiciendam
385 728 430 753 esse
444 717 566 753 infirmiorem
584 718 664 752 aliorum
682 716 826 760 conscientiam,

63 770 83 803 et
97 766 229 802 abstinendum
242 766 274 802 vel
287 777 298 803 a
312 767 379 813 licitis,
394 768 468 803 etiamsi
482 767 519 803 hoc
528 756 646 816 incommodi
661 765 732 812 aliquid
746 764 826 811 adierat,

63 819 81 860 si
94 817 228 858 infirmioribus
243 822 295 859 certa
310 818 384 859 actione
398 817 483 859 scandali
497 816 732 870 pericnlurn³adlerretur3
747 817 790 857 dein
804 828 826 857 se

62 877 125 923 ipsum
144 886 235 922 suamque
254 875 325 923 agendi
343 870 435 922 rationem
453 885 564 923 proponens
584 873 650 919 docet,
669 886 691 911 se
710 873 826 910 abstinuisse

62 928 113 962 inter
126 927 208 973 gentiles
224 926 246 960 ab
261 937 297 961 usu
309 927 358 972 J'uris
374 927 442 961 victum
457 927 479 961 ab
490 927 518 961 eis
527 926 611 971 petendi,
626 926 675 960 inter
684 924 769 960 Judaeos
778 935 831 960 vero

26 978 31 981 “
63 987 86 1013 ea
101 977 200 1022 omisisse,
220 985 269 1023 quae
284 976 344 1012 hosce
363 975 498 1025 offendissent,
517 976 553 1012 etsi
567 985 590 1012 ea
605 974 669 1011 facere
684 975 776 1011 licuisset.
797 974 826 1012 De

63 1030 131 1070 morali
146 1042 192 1082 ergo
208 1029 383 1070 accommodatione
397 1030 455 1070 verba
469 1028 558 1081 Apostoli
572 1027 695 1082 intelligenda
705 1032 755 1078 sunt,
769 1026 827 1079 idque

63 1096 87 1122 eo
101 1086 173 1134 magis,
193 1096 234 1121 cum
249 1097 294 1122 rncx
313 1085 380 1130 addat,
399 1096 420 1122 se
434 1085 482 1121 haec
495 1085 614 1128 incommoda
633 1095 656 1120 eo
672 1084 752 1120 consilio
767 1084 827 1120 susti-

63 1137 140 1179 nuisse,
160 1140 180 1170 ut
198 1146 264 1170 omnes
279 1136 411 1178 lucrifaceret;
430 1146 451 1171 se
471 1136 557 1170 omnibus
572 1136 634 1170 onmia
649 1135 718 1169 facturn
733 1145 787 1177 esse,
805 1139 827 1169 ut

63 1195 130 1223 omnes
145 1185 208 1224 salvos
223 1184 303 1224 faceret.
325 1185 366 1230 Quo
380 1188 436 1235 pacto
450 1195 497 1224 vero
513 1184 577 1223 dicere
591 1185 696 1235 potuisset,
714 1194 736 1222 se
751 1183 826 1222 Christo

63 1240 148 1280 Judaeos
163 1245 183 1279 et
196 1240 283 1280 ethnicos
298 1241 417 1280 lucrifecisse
432 1244 451 1279 et
465 1241 521 1279 saluti
535 1252 601 1280 eorum
615 1240 746 1291 prospexisse,
761 1239 778 1279 si
792 1251 827 1278 ac-

64 1295 217 1331 commodatione
231 1296 312 1342 positive
327 1295 434 1343 dogmatica
453 1295 528 1331 illorum
547 1306 624 1331 errores
643 1294 786 1341 approbasset?
800 1315 826 1320 -

61 1346 134 1381 Eodem
149 1346 205 1380 modo
467 1373 473 1377 ,

79 1423 82 1429 .
117 1394 187 1435 Aba.
205 1395 310 1447 exempla
323 1393 545 1442 accommodationis
563 1392 662 1447 positive
681 1391 826 1444 dogmaticae

63 1452 87 1492 in
101 1464 134 1492 ss.
148 1452 174 1491 N.
188 1451 214 1490 Τ.
228 1451 294 1490 libris
308 1451 390 1490 nullibi
403 1450 558 1490 inveniuntur.
572 1454 618 1489 Dum
633 1451 682 1488 enim

117 1509 141 1549 a)
156 1506 241 1541 Christus
255 1506 287 1541 lllt.
301 1506 320 1549 9,
335 1506 353 1541 2.
368 1505 472 1551 paralytico
487 1505 546 1540 dicita
561 1504 658 1547 „Remissa
673 1506 717 1539 sunt
731 1502 764 1538 tibi
777 1513 828 1549 pec<

58 1559 105 1597 cata
119 1557 173 1600 tua,“
193 1555 254 1589 falsae
272 1555 387 1589 Judaeorum
406 1555 491 1600 opinioni
509 1564 548 1588 non
565 1554 677 1588 necessario
692 1563 737 1593 sese
750 1562 826 1587 accom-

63 1606 147 1646 modavit
162 1617 184 1646 ac
199 1606 275 1656 docuit,
290 1605 376 1657 quodvis
385 1605 453 1644 malurn
467 1604 566 1656 physicum
581 1615 625 1644 esse
640 1602 737 1655 sequelam
752 1603 827 1655 peccati

65 1657 164 1711 cujusdam
178 1661 297 1710 personalis3
315 1661 350 1700 sed
365 1662 421 1699 etiarn
435 1662 455 1699 in
469 1661 544 1699 bomine
558 1660 590 1698 illo
605 1659 690 1698 morbum
705 1664 827 1708 peccatorum

62 1726 130 1751 revera
146 1715 206 1751 fuisse
220 1714 327 1760 sequelam,
341 1715 421 1749 innuere
436 1712 608 1760 pomiterarum
622 1723 676 1757 vero,
694 1713 826 1761 non'primurn
858 1728 860 1731 ⁴

25 1773 33 1777 ‘
63 1765 239 1800 edicerevoluisse
254 1764 347 1799 Christum
362 1763 406 1798 inde
420 1764 517 1810 probatur,
531 1763 582 1809 quod
596 1764 653 1797 unica
667 1762 728 1797 solum
737 1764 780 1797 viee
790 1763 826 1797 alia

63 1816 131 1857 sinilia
144 1815 204 1855 verba
218 1815 305 1865 adhibet,¹
319 1815 387 1855 Joann.
396 1816 420 1866 ¹5,
436 1814 478 1863 14„
493 1814 539 1854 alias
554 1818 626 1865 autern,
640 1813 673 1852 ubi
687 1817 778 1866 aegrotos
793 1814 838 1853 in-‘

63 1880 153 1918 numeros
168 1876 228 1919 sanat,
242 1872 277 1909 bac
292 1876 324 1909 aut
337 1872 393 1909 simili
406 1882 445 1909 non
454 1872 514 1908 utitur
523 1871 614 1918 formula,
624 1871 661 1907 imo
671 1870 750 1918 insuper
757 1869 826 1907 Joann.
837 1884 840 1886 ·

62 1924 82 1969 9,
96 1923 115 1959 3.
135 1935 236 1960 erroneam
254 1924 305 1959 illam
324 1924 434 1969 opinionem
451 1934 462 1959 a
477 1923 573 1969 discipulis
594 1923 683 1969 prolatam
704 1926 769 1968 aperte
787 1923 826 1957 irn-

62 1978 144 2023 pugnat;
163 1984 222 2021 quare
241 1974 283 2022 ipse
298 1972 339 2009 eain
353 1973 453 2020 professus
468 1973 505 2008 dici
519 1974 590 2021 nequit.
611 1973 649 2008 Gir.
661 1972 719 2007 'etiarn
733 1972 779 2007 Luc.
794 1954 826 2018 tal

63 2025 121 2067 1—-3.
136 2026 225 2067 Similiter
248 2074 249 2077 Ἴ
575 2062 578 2073 ,Λ
869 2070 871 2074 ,

118 2083 140 2127 b)
154 2084 212 2119 verba
226 2083 258 2119 lilt.
274 2081 305 2128 il,
321 2081 362 2118 14:
382 2082 397 2116 εἰ
410 2080 474 2117 θέλετε
488 2079 581 2124 δέξασθαι
599 2091 638 2118 non
652 2078 744 2116 exhibent
758 2090 826 2116 exem·
851 2083 856 2087 '

62 2134 113 2180 plum
129 2135 309 2170 accommodationis
325 2134 417 2179 positivae
431 2133 560 2179 dogrnalicae3
575 2134 644 2167 etenim
658 2142 724 2167 verum
738 2135 825 2175 nonest,

63 2184 114 2220 omni
128 2193 153 2219 ex
167 2187 220 2230 parte
234 2183 300 2220 falsam
315 2183 376 2219 fnisse
390 2181 505 2218 Judaeorum
519 2182 631 2218 sententiam
646 2181 670 2220 de
683 2181 736 2228 Eliae
750 2181 826 2228 proditu

63 2241 106 2276 ante
120 2235 203 2276 blessiae
217 2234 328 2284 adventum
347 2247 389 2275 nam
401 2233 505 2274 lllalachias
518 2233 538 2285 4,
553 2234 571 2274 5.
586 2233 603 2274 b.
623 2233 646 2274 de
657 2232 730 2274 -blessia
745 2232 825 2285 ejusque

62 2303 191 2340 praecursore
205 2291 286 2339 loquens
300 2292 351 2328 bunc
364 2291 423 2327 ntiae
432 2291 508 2326 nomine
522 2291 629 2339 insignivit3
643 2291 662 2326 in
677 2296 700 2326 eo
714 2293 777 2326 tamen
792 2300 826 2326 er-

62 2348 129 2378 rarunt
142 2343 220 2387 ludaei,
241 2343 292 2387 quod
306 2343 357 2377 illum
372 2343 432 2387 ipsum
446 2341 505 2376 Eliam
519 2342 641 2387 prophetam,
661 2342 693 2386 qui
709 2341 747 2386 Janr
762 2344 826 2385 quon-

64 2392 106 2429 dam
121 2392 150 2430 his
164 2392 184 2428 in
198 2392 255 2429 terris
269 2392 353 2439 vixerat,
372 2400 411 2428 non
424 2400 471 2427 vero
487 2390 542 2428 alium
557 2391 580 2428 ab
594 2390 647 2438 Eliae
663 2388 744 2439 persona
759 2390 826 2426 diver-

63 2458 116 2494 sum,
133 2447 203 2486 virtute
220 2450 284 2486 tarnen
302 2450 321 2485 et
339 2446 406 2496 spiritu
424 2446 442 2485 ei
456 2444 568 2485 simillimum
583 2444 638 2493 (Luc.
654 2444 671 2494 1,
687 2443 729 2492 tt.)
742 2443 826 2483 Messiae

15 2515 20 2534 2
63 2512 211 2548 praecursorem
225 2501 274 2546 lore,
290 2501 361 2547 opinati
370 2494 424 2544 sunt;
438 2503 537 2547 praeterea
547 2500 661 2536 fallebantur
670 2511 701 2545 eo,
716 2500 766 2546 quod
776 2499 826 2534 hunc

62 2552 133 2596 Etiam,
151 2552 234 2587 blessiae
248 2551 406 2597 praecursorem,
424 2561 463 2585 non
477 2552 605 2595 spiritualem,
624 2552 659 2585 sed
673 2551 769 2595 politicum
783 2550 826 2595 fore

62 2605 194 2652 reparatorem
212 2600 334 2640 crediderunt
353 2598 407 2648 (coll.
425 2599 458 2638 llr.
478 2598 496 2648 9,
515 2599 625 2647 lO—i‘z.)
653 2600 673 2640 Si
690 2601 749 2653 igitur
766 2598 825 2638 verba

64 2656 143 2695 Christi:
158 2658 173 2693 ai
186 2657 251 2694 atam
265 2656 365 2707 ῥέξασθαι,
378 2660 435 2706 prout
449 2654 553 2694 adversarii
567 2656 641 2703 volunt,
655 2655 691 2693 hac
705 2657 780 2694 ratione
795 2656 826 2692 in-

62 2710 205 2757 telligerentur:
220 2710 253 2754 „si
266 2711 291 2746 ita
301 2710 356 2746 vobis
365 2709 428 2755 placet
437 2709 548 2755 accipere“:
563 2713 677 2756 sequeretur
686 2710 755 2756 potius,
770 2708 826 2756 Cirri-
