1765 2921
406 208 427 256 §-
443 205 481 247 96.

374 275 392 307 11.
403 275 512 316 Paraphrasis.

113 363 272 413 Paraplrrasis
293 364 329 401 cst
349 362 455 415 uberior,
476 362 588 402 limitibus
610 366 689 403 tamen
711 364 826 404 orationis

61 415 185 454 continuae
199 416 312 453 adstricta
326 426 411 453 sensus
420 416 539 464 expositio.
553 416 574 454 ln
582 419 672 455 versione
682 420 755 466 quavis,
769 419 825 455 etiam

61 468 212 516 perfectissima,
226 479 265 505 non
279 472 394 514 removetur,
410 469 447 505 nisi
461 468 579 515 obscuritas,
599 480 648 517 quae
662 481 673 506 e
687 470 752 519 lingua
766 481 826 518 pere-

61 521 116 569 grina
132 522 201 564 oritur;
219 520 242 556 ad
257 519 379 557 difficultates
393 520 489 568 reliquas,
504 521 614 570 quaeipsis
629 521 685 559 dictis
699 523 773 569 insunt,
788 533 826 559 ex-

61 572 166 620 pediendas
180 571 282 609 adhibendi
296 576 341 609 sunt
354 573 386 610 alii
404 573 531 621 expositionis
551 574 613 621 modi,
631 575 681 612 inter
700 585 748 623 quos
766 585 825 622 para-

60 624 136 673 phrasis
148 626 174 676 ita
189 625 282 672 procedit,
295 628 316 662 ut
331 626 436 662 orationem
447 626 556 663 continuam
566 631 630 665 servet
639 626 721 675 quidem,
736 629 755 664 et
764 627 826 675 ipsum

62 678 116 725 quasi
130 681 228 714 auctorem
242 677 351 726 loquentem
366 678 427 725 sistat,
443 678 555 716 clarioribus
569 682 632 717 tamen
646 679 710 717 verbis
724 682 788 717 utatur
802 678 825 716 ad

57 741 85 767 ea
99 729 216 778 illustranda,
232 741 280 778 quae
296 730 325 767 vel
340 731 364 768 ob
380 734 495 778 contextum,
509 731 540 768 vel
555 732 579 776 ob
593 732 702 769 inusitatam
717 733 826 777 dictionem,

60 782 93 832 vel
107 783 131 820 ob
145 783 234 820 notiones
249 784 300 830 ipsas
315 783 417 821 lectoribus
437 783 580 821 auditoribusvc
598 795 637 822 non
656 789 686 821 sat
704 785 755 822 clara
774 789 825 821 sunt.

61 835 109 873 Hinc
123 835 293 884 paraplrrastae
307 835 429 884 sequentia
442 836 596 884 praestanda:
665 866 669 868 μ

117 888 137 926 l.
152 888 261 926 Nationes
276 889 298 927 et
307 888 458 926 transitiones
469 888 620 927 intermedias
630 888 762 939 eloquente
772 899 826 939 sup·

62 952 159 990 pressas
174 941 290 990 suppleat3
358 978 361 981 ,
435 948 437 950 ’
562 948 564 951 ⁴

115 994 136 1031 2.
150 993 268 1032 succincte
286 994 309 1031 et
326 992 378 1045 idco
397 1003 443 1031 non
462 995 500 1031 sat
517 993 639 1043 perspicue
654 994 716 1032 dicta
730 994 826 1033 uberius

61 1048 176 1095 proponat
190 1047 213 1083 et
226 1045 328 1083 clariora
341 1046 435 1092 reddat3

118 1098 140 1136 3.
155 1098 261 1136 notiones
280 1100 303 1136 et
321 1109 359 1135 res
378 1099 493 1136 obscuras
513 1098 613 1137 illustret
632 1098 766 1137 substitutis
785 1101 826 1137 aut

62 1150 245 1198 delinitionibus,
267 1152 307 1189 arrt
326 1150 420 1188 insertis
439 1150 569 1189 rationibus
588 1153 611 1189 ct
629 1151 708 1199 causis
727 1150 826 1200 aliisque

62 1203 222 1250 adminiculis,
241 1214 301 1251 quae
320 1214 333 1241 e
351 1203 410 1241 locis
424 1202 556 1251 parallelis,
575 1214 587 1241 e
602 1203 695 1251 cognita
709 1204 826 1253 loquentis

62 1254 166 1294 idearum
181 1255 338 1294 associatione
351 1256 388 1293 vel
403 1255 495 1293 aliunde
514 1257 633 1305 petuntur,
653 1257 675 1294 et
694 1256 724 1294 ad
743 1255 826 1294 clario·

61 1318 112 1346 rem
125 1319 211 1347 sensus
226 1308 380 1357 cognitionem
395 1308 529 1355 conterunt3

116 1361 137 1399 4.
151 1371 198 1399 non
212 1362 288 1399 solum
303 1360 491 1409 phrascologiam
505 1359 614 1398 biblicam
628 1360 738 1409 negligat,
752 1361 827 1399 sedet
853 1362 857 1366 “

62 1412 138 1462 ipsam
152 1413 265 1452 orationis
280 1414 379 1451 tonnam
394 1413 505 1460 immutet,
519 1423 541 1450 v.
556 1424 577 1461 g.
592 1413 826 1463 complicatiorcspe·

62 1465 142 1504 riodos
157 1466 180 1504 in
195 1465 349 1515 simpliciores
363 1467 492 1513 convertat,
506 1465 690 1515 quotiescunque
699 1465 826 1516 perspicui-

61 1518 118 1557 tatis
133 1519 173 1557 lini
187 1518 233 1556 alia
248 1518 338 1556 ratione
353 1518 444 1556 consuli
457 1518 549 1566 nequit3
563 1518 661 1566 denique

114 1571 137 1622 ὅ.
151 1571 172 1610 si
186 1571 262 1609 solum
276 1570 386 1620 pericopa
400 1570 514 1619 quaedam
532 1570 673 1620 paraphrasi
686 1570 826 1610 illustranda

63 1625 111 1670 est,
130 1626 209 1672 aptum
228 1625 251 1661 et
268 1624 339 1661 breve
357 1622 475 1661 exordium
494 1622 667 1672 praemittatur,
686 1624 748 1671 quod
761 1624 826 1662 vele

64 1678 172 1715 contextu
186 1675 340 1725 praecedenti,
354 1676 392 1714 vel
406 1672 437 1713 exx
447 1674 582 1723 occasione,
596 1676 633 1714 vel
647 1686 674 1713 cx
688 1676 740 1725 ipsa
754 1677 826 1715 mate·

62 1729 103 1777 ria,
113 1728 224 1767 sectionis
239 1728 404 1766 desumendum
419 1730 462 1775 est,
477 1730 499 1766 et
512 1728 536 1766 in
550 1728 595 1766 linc
609 1739 667 1767 usus
679 1728 776 1778 practici
786 1729 826 1767 ad·

64 1783 180 1820 notentur.
196 1793 220 1808 ³-
235 1782 277 1820 rlst
292 1781 419 1819 cavendum
437 1781 617 1830 paraphrastae:

116 1838 139 1880 a)
158 1834 231 1872 relate
250 1834 279 1871 ad
298 1833 411 1871 orationis
430 1833 563 1871 materiam:
585 1845 614 1871 ne
633 1844 728 1872 serrsunr
749 1832 826 1882 ipsum

62 1886 177 1934 immutet,
196 1897 294 1935 curiaque
312 1884 353 1924 aut
372 1886 531 1936 angustiorem
545 1888 586 1924 aut
600 1885 718 1933 latiorem,
737 1885 826 1924 tenuio-

62 1950 112 1977 rem
130 1942 171 1978 aut
185 1939 345 1988 perfectiorem
359 1940 486 1988 proponat,
505 1949 575 1987 quam
593 1939 691 1987 loquens
706 1949 758 1977 euru
772 1949 826 1977 con·

63 1992 130 2042 cepit,
144 1991 206 2041 quod
220 1992 347 2041 periculum
361 2002 389 2029 eo
403 1989 481 2039 majus
495 2002 524 2029 ac
536 1991 688 2040 propinquius
698 1994 741 2039 est,
756 2002 826 2039 quam

62 2044 208 2084 inversione
222 2044 372 2091 conficienda,
387 2055 433 2092 quo
447 2043 542 2093 saepius
558 2044 582 2082 in
598 2045 642 2082 hac
658 2055 743 2082 sensus
758 2054 826 2093 expo·
849 2052 854 2056 ·

64 2097 133 2135 nendi
154 2096 230 2146 specie
252 2097 346 2135 occasio
364 2108 390 2135 se
409 2095 487 2141 offert,
506 2096 600 2145 proprio
618 2098 693 2134 marte
711 2096 826 2146 quaedam

64 2149 172 2196 addendi,
186 2151 227 2186 aut
240 2161 285 2188 sua
298 2150 401 2198 cogitata
414 2148 542 2195 inserendi3
697 2196 699 2201 θ

117 2203 139 2248 b)
154 2203 261 2249 respectu
275 2203 376 2240 formae:
395 2211 424 2239 ne
442 2200 527 2238 nimiae
546 2200 671 2249 prolixitati
689 2203 730 2240 aut
743 2201 825 2240 verbo-

64 2254 129 2293 sitati
143 2253 269 2301 indulgeat,
284 2265 325 2303 per
339 2257 409 2304 quam
423 2263 508 2290 sensus
522 2254 598 2302 magis
612 2254 742 2301 obscurari,
756 2265 827 2302 quam

63 2306 177 2346 illustrari
198 2305 269 2353 solet;
290 2308 330 2344 aaut
351 2304 458 2345 omnibus
479 2306 502 2353 et
520 2303 618 2355 singulis
638 2307 745 2357 partibus
765 2305 826 2344 alias

6 2388 7 2392 ,
63 2361 164 2410 phrases
179 2357 355 2398 substituendus
364 2368 417 2397 esse
426 2358 502 2406 putet,
516 2368 570 2398 nam
579 2371 638 2409 quae
648 2359 751 2409 alioquin
761 2359 827 2397 clara

63 2459 254 2468 ,η’-

116 2515 172 2547 lletzel
189 2524 223 2544 cum
240 2515 281 2545 notis
296 2513 312 2543 in
324 2522 337 2543 s.
348 2511 444 2552 Scriptorum
456 2511 531 2542 adornata
546 2517 562 2542 ct
574 2512 594 2543 tt]
604 2511 642 2543 voll.
654 2511 696 2543 edita
708 2513 825 2545 1786-1791,

116 2569 146 2589 suo
157 2564 230 2597 tempore
241 2556 294 2597 magni
305 2553 405 2585 habebantur
415 2558 431 2583 ct
441 2563 499 2594 magno
510 2554 587 2585 lectorum
595 2563 661 2585 nurnero
670 2555 767 2595 gaudebant,
778 2555 826 2586 hodic

116 2610 156 2632 vcro
168 2598 252 2631 obsoletae
263 2603 304 2629 sunt.
315 2596 365 2628 Lecta
376 2596 468 2637 dignissima
479 2602 521 2633 sunt,
533 2605 575 2636 quae
586 2596 625 2627 dicit
635 2596 687 2627 lilalou
699 2599 722 2636 [in
734 2606 793 2638 opere:
803 2597 825 2628 La

116 2642 178 2673 lecture
193 2640 213 2671 dc
228 2640 244 2671 la
259 2642 310 2671 sainte
324 2638 370 2671 Biblc
386 2647 406 2668 cn
421 2637 480 2678 langue
495 2636 576 2677 vulgaire,
590 2638 660 2671 louvain
676 2639 732 2678 1846,
746 2644 789 2669 tome
800 2638 825 2678 ll.,

118 2684 189 2724 chapitrc
199 2682 225 2712 lX.
236 2693 273 2724 pag.
284 2682 321 2713 202.
332 2691 377 2722 seqq.
388 2689 440 2720 usquc
452 2679 472 2710 ad
483 2679 530 2710 finem
541 2681 603 2720 operis)
618 2681 638 2711 dc
651 2681 752 2713 versionibus
763 2681 825 2712 biblicis

116 2724 253 2763 Acatholicorunr,
264 2725 351 2765 praecipue
363 2723 384 2753 de
396 2721 427 2753 illis
438 2722 520 2754 societatis
530 2721 598 2753 biblicae
609 2723 719 2755 londinensis.
834 2722 837 2725 ’
