1765 2921
73 108 103 148 96

74 206 160 245 addere
174 207 215 244 aut
229 206 337 256 supplere
346 206 388 245 tibi
397 206 532 258 indulgeasg
546 220 600 247 nam
610 207 649 256 qui
659 206 759 257 protana
767 204 838 245 manu

73 259 228 297 reverentiam
242 259 318 297 sacris
332 259 416 298 litteris
431 260 532 300 debitam
547 262 591 299 hac
600 260 690 298 ratione
699 258 778 305 laedit,
791 270 839 297 non

75 322 170 350 sacrum
184 313 271 350 textum
285 311 459 360 interpretatur,
474 315 516 352 sed
530 314 601 352 alium
615 314 701 351 textum
715 311 761 349 sibi
771 310 839 348 effor-

73 365 129 402 mat.
151 364 214 408 Quare
232 365 299 401 merito
317 364 444 412 reprobantur
462 376 477 402 s.
493 368 601 416 scripturae
619 365 755 414 perversiores
774 363 838 401 abiis

74 416 149 463 factae,
167 418 199 464 qui
212 416 345 453 miraculorum
360 418 379 453 in
394 428 421 454 ss.
435 418 489 455 libris
504 423 523 456 et
536 419 668 466 mysteriorum
686 417 806 465 impatientes
819 416 840 453 in

74 472 138 515 textu,
158 469 204 505 licet
217 478 241 504 eo
255 468 361 515 renitente,
381 480 416 517 pro
432 470 492 507 lubitu
506 471 542 508 alia
557 471 637 516 addunt,
655 470 691 506 alia
705 479 752 505 vero
766 478 840 514 eorum,

75 532 124 568 quae
137 531 206 557 revera
220 519 294 567 adsunt,
310 521 365 568 plene
380 522 486 571 negligunt,
500 527 521 560 ut
534 523 609 560 tandem
623 522 702 571 prodeat
713 521 782 558 factum
792 531 839 567 pure

75 573 197 619 ordinarium,
211 572 242 608 vel
253 572 339 610 doctrina
348 584 400 611 mere
410 575 496 611 bumana.
513 597 536 602 —
552 575 617 623 Neque
631 575 650 611 in
664 573 712 611 locis
727 572 840 622 dogmaticis

75 625 147 672 absque
162 626 236 662 ratione
251 624 359 662 sufficiente
374 628 481 664 sententiae
495 628 533 664 alio
548 627 603 664 modo
618 630 731 674 separentur
745 628 776 661 aut
791 634 840 661 con-

73 677 186 726 J'unganlur,
201 688 257 724 quam
271 677 294 713 ab
309 679 391 725 antiquis
406 678 475 716 factum
490 683 529 725 est3
544 690 586 715 nam
600 680 665 716 Patres
680 678 757 726 antiqui,
772 676 801 713 vel
817 676 840 712 ab

74 728 181 777 Apostolis,
195 729 227 767 rel
241 728 264 765 ab
278 730 389 767 immediatis
404 742 469 768 eorum
484 731 581 779 discipulis
597 731 659 768 edocti
674 733 725 767 certe
740 729 790 766 seire
805 727 842 765 de-

75 781 155 828 bebant,
174 792 211 830 qua
224 782 299 818 ratione
313 783 331 819 in
346 782 394 819 locis
408 783 475 819 saltem
493 783 613 832 gravioribus
632 784 683 820 sacri
696 781 750 827 libri,
769 780 842 828 absque

76 833 205 923 gistinotqmis
219 834 280 884 signis
294 833 346 880 editi,
360 835 399 872 sint
411 835 569 884 interpungendi;
583 846 601 871 v.
610 846 629 884 g.
638 834 691 872 Rom.
706 834 725 881 9,
739 833 757 870 5.
771 832 785 869 Ι.
796 832 842 869 Tim.

90 886 142 933 ‚15.
170 886 189 923 6.

130 937 152 975 3.
166 937 199 976 Ne
213 936 284 975 alium
297 947 388 983 nexum,
403 948 474 985 quam
486 937 525 985 qui
534 948 617 976 revera
627 938 701 984 adest,
715 937 793 975 locum
802 936 843 974 ba·

76 989 132 1028 bere
147 991 252 1036 statuas3
266 999 295 1026 ne
309 989 440 1027 confundas
454 989 535 1027 varias
549 992 670 1028 contextus
684 988 787 1038 speoies3
805 999 842 1036 ne,

77 1052 138 1090 quae
157 1041 181 1079 in
198 1040 322 1090 principali
339 1051 400 1078 nexu
418 1041 496 1090 posita
514 1044 581 1090 sunt,
600 1040 792 1080 secundariorum
809 1040 843 1078 in-

76 1095 128 1131 star
146 1095 246 1139 traetes;
266 1104 313 1142 ergo
332 1103 361 1130 ne
380 1104 500 1142 supponas
518 1105 540 1131 v.
555 1105 576 1142 g.
595 1105 678 1132 nexum
697 1092 843 1139 historicum,

76 1145 117 1183 ubi
131 1144 312 1194 psyolrologicus
332 1146 372 1182 aut
391 1145 495 1194 opticus3
514 1144 843 1193 historico-obronologioum,

77 1197 117 1235 ubi
131 1196 428 1246 historico-pragmaticus3
443 1198 632 1247 chronologicum
642 1197 789 1244 strietiorem,
804 1196 844 1234 ubi

77 1249 148 1288 latior
162 1249 237 1295 adest,
252 1250 275 1286 et
288 1248 339 1286 viee
352 1259 430 1286 versa.
443 1249 530 1298 Denique

132 1301 153 1338 4.
171 1301 204 1339 Ne
218 1300 242 1338 in
255 1301 361 1338 favorem
376 1302 496 1339 contextus
515 1302 545 1339 ab
559 1312 604 1339 usu
618 1300 728 1349 loquendi
741 1311 844 1349 unquam

77 1353 184 1399 recedas,
200 1352 292 1391 etiamsi
306 1352 445 1400 significatio
460 1353 527 1391 nexui
542 1353 627 1402 optime
637 1363 776 1401 congruens,
790 1352 844 1391 usui

77 1405 187 1453 loquendi
201 1415 257 1442 vero
275 1404 387 1451 adversa,
403 1404 459 1453 ipsa
478 1416 570 1453 quoque
588 1404 729 1453 etymologia
748 1406 771 1442 et
789 1416 844 1443 ana-

77 1456 140 1505 logia
154 1457 248 1505 linguae
263 1456 473 1505 commendaretur,
487 1469 530 1494 nam
544 1458 653 1505 loquentem
667 1458 729 1506 potius
743 1468 798 1494 usum
812 1457 844 1494 lo-

78 1509 148 1556 quendi
162 1509 281 1557 respexisse,
297 1519 352 1555 quam
367 1509 502 1558 etymologiam
518 1514 537 1546 et
550 1510 658 1558 analogiam
672 1511 759 1558 linguae,
773 1510 844 1546 firmis-

78 1561 126 1598 sime
139 1571 264 1608 praesumere
278 1560 334 1606 lioet3
352 1572 370 1596 v.
385 1572 404 1609 g.
418 1559 486 1597 loann.
500 1560 519 1607 S,
533 1561 565 1598 46.
585 1559 676 1609 (ἁμαρτία
691 1561 711 1597 in
725 1562 774 1610 sign.
789 1572 845 1598 men-

78 1611 150 1658 dacii);
165 1612 197 1649 Mt.
213 1611 244 1658 19,
259 1611 291 1649 24.
306 1608 398 1658 (κάμηλος
412 1612 432 1648 in
446 1613 495 1662 sign.
509 1612 612 1658 rudentis).

208 1723 225 1754 G.
237 1723 262 1753 De
273 1728 349 1754 contextu
360 1725 472 1765 remotissimo,
484 1734 514 1755 seu
525 1724 545 1755 de
557 1725 598 1756 locis
609 1725 691 1766 parallelis
701 1725 717 1765 ¹).

425 1810 444 1859 o.
464 1809 500 1849 5¹7.

210 1876 255 1915 Quae
266 1876 303 1907 loca
315 1876 388 1908 dicuntur
398 1877 481 1918 parallela,
492 1883 508 1908 et
519 1878 599 1918 quomodo
615 1865 719 1909 dividuntur?
751 1886 754 1890 ’

135 1952 200 1990 Loca
213 1951 327 1999 parallela
344 1953 468 1999 vocantur,
486 1963 547 2000 quae
564 1963 579 1990 a
597 1963 623 1990 se
641 1952 740 1991 invicem
759 1951 848 1990 distant

81 2003 187 2052 quidem,
207 2003 235 2040 de
253 2002 337 2040 iisdem
355 2004 433 2041 tamen
450 2004 521 2042 rebus
541 2006 619 2052 agunt.
640 2005 670 2041 Ex
687 2004 723 2041 hac
738 2004 847 2042 definitione

77 2056 118 2104 Jam
132 2060 194 2103 patet,
209 2054 252 2092 loca
266 2055 358 2103 parallela
373 2056 435 2103 quoad
449 2057 624 2104 materiam,¹quae
638 2058 726 2104 utrinque
740 2060 848 2105 pertracta-

80 2111 122 2153 tur,
137 2112 189 2144 arcto
204 2108 224 2143 in
238 2118 290 2144 nexu
304 2118 349 2145 esse
364 2109 436 2155 posita,
453 2108 499 2145 licet
513 2108 577 2156 quoad
590 2108 663 2155 locum,
677 2119 732 2156 quem
747 2111 847 2157 occupant,

80 2159 158 2207 saepius
173 2159 240 2196 saltem
253 2159 313 2206 longe
327 2159 402 2196 distent.

73 2256 77 2261 .
135 2209 315 2248 Parallelismus
327 2209 380 2257 jam
392 2221 449 2248 vero

136 2261 157 2299 1.
170 2260 262 2299 ratione
276 2262 348 2300 fontis
363 2264 400 2300 est
412 2262 450 2299 vel
464 2260 578 2309 ejusdem,
591 2263 629 2301 vel
640 2263 787 2301 diversorum
795 2274 849 2302 aue-

80 2316 166 2352 torum.
180 2313 207 2351 si
220 2312 275 2349 loca
288 2314 403 2361 parallela
417 2312 523 2360 ejusdem
537 2314 641 2353 auctoris
655 2316 717 2361 sunt,
732 2315 762 2352 ad
776 2315 849 2353 sein·

80 2366 157 2404 vicem
171 2365 313 2403 illustranda
326 2376 354 2402 eo
369 2365 456 2403 certius
470 2365 571 2403 conferri
585 2368 694 2415 possunt,
713 2377 759 2414 quo
772 2366 849 2405 minus

83 2415 262 2467 supponendum
283 2417 331 2462 est,
354 2416 453 2454 eundem
473 2419 593 2455 auctorem
614 2418 659 2456 sibi
682 2418 849 2464 contradicere,

10 2483 16 2489 -
84 2471 125 2507 aut
138 2469 163 2508 in
176 2467 328 2507 retractando
342 2468 441 2505 versari.
463 2468 510 2507 Sed
519 2469 665 2507 diversorum
675 2480 766 2518 quoque
776 2470 849 2519 serip-

104 2621 123 2660 1)
134 2621 195 2652 Nomen
207 2620 310 2661 parallelismi
324 2620 411 2659 repetitum
426 2624 451 2650 est
462 2628 471 2649 e
483 2619 542 2651 scholis
556 2621 711 2660 matbematicorum,
726 2622 753 2653 ubi
766 2622 850 2653 adhibetur

138 2662 158 2692 de
169 2662 221 2701 lineis,
234 2664 303 2703 quaein
315 2662 375 2692 eodem
386 2661 436 2702 plano
448 2660 542 2702 aequalibus
556 2662 616 2704 ubique
626 2665 680 2704 spatiis
692 2673 702 2695 a
712 2673 731 2695 se
741 2665 812 2696 invicem
824 2663 849 2694 di-

136 2708 197 2736 stantes
209 2704 303 2744 decurrunt,
314 2705 336 2735 ita
348 2709 365 2735 ut
376 2713 394 2735 se
406 2713 488 2745 nmquam
497 2709 568 2746 tangant.
