1765 2921
75 118 104 158 to

74 217 93 250 et
104 209 189 259 Ἕλληνες
203 213 289 257 (ratione
302 213 365 250 habita
378 212 489 261 religionis]
509 213 545 249 sibi
563 212 588 249 ita
602 213 735 260 opponuntur,
753 216 774 250 ut
793 213 837 251 coll.

74 263 114 301 Gal.
128 264 147 311 2,
163 263 194 300 15,
212 264 256 301 Act.
270 264 305 310 24,
317 265 335 301 5,
354 263 407 301 Rern.
423 265 441 310 2,
456 262 525 309 eto,
541 263 571 302 12.
586 264 609 300 al.
628 264 680 310 prius
699 265 785 301 homines
802 264 838 312 ju-

75 315 142 353 daicae
156 316 220 365 gentis
236 316 314 354 denotet
327 316 435 363 ubicunque
455 319 547 352 terrarum
567 315 672 366 degentes3
691 316 771 353 alterum
789 327 837 353 vero

75 368 170 420 gentiles;
185 372 205 407 et
219 366 315 417 ἑβραΐζων,
329 368 415 416 ἔβραικός
430 378 472 405 curn
486 366 584 416 ἑλληνίζειν
595 365 728 416 θῑὲλληνιστής
737 372 839 417 (respectu

73 423 162 474 linguae)
177 423 203 461 ita
215 422 330 473 junguntur,
349 420 430 459 utillud
444 421 555 460 adhiheatur
570 421 593 461 de
607 420 680 460 Judaeo
695 420 785 460 hebraica
799 421 838 460 lin-

74 487 112 526 gua
131 481 198 513 utente
214 475 327 522 vernacula,
345 474 494 523 Palaestinensi,
514 479 534 514 ut
551 475 594 513 Act.
608 475 640 523 22,
654 475 673 514 2.
691 475 724 522 26,
740 475 782 522 te.;
801 475 838 513 hoc

73 540 120 566 vero
140 529 164 566 de
182 528 255 566 Judaeo
275 539 346 578 graece
364 529 466 576 loquente,
486 533 565 576 extero,
585 529 628 567 coll.
646 527 688 566 Act.
708 528 730 575 9,
744 528 776 566 29.
796 540 838 566 curn

76 581 95 628 6,
111 581 128 617 l.
143 591 197 628 seqq.
695 582 699 585 “
755 587 760 594 ’

127 632 161 669 Ad
175 631 219 669 rite
234 631 403 680 designandum
421 631 446 669 N.
460 632 486 669 Τ.
501 631 598 679 idioma,
618 634 643 670 ut
662 631 767 670 elementi
786 630 838 677 ejus

75 683 197 721 christiani
210 683 271 720 ratio
286 684 407 730 habeatur,
422 683 553 722 adhihenda
562 686 598 721 est
607 683 775 722 denominatio:
790 683 838 721 ‹liar-

73 736 149 774 leetus
163 734 462 773 hellenistico·christiana.

334 913 523 962 Anniculus
551 872 594 961 Il..

74 1012 103 1051 De
117 1012 200 1051 lontibus
215 1016 234 1051 et
248 1011 347 1061 subsidiis,
366 1023 377 1050 e
392 1010 459 1060 quihus
468 1021 524 1102 {sus
543 1009 663 1060 loquendis.
678 1009 787 1059 Scripturae
802 1021 839 1050 co·

405 1074 474 1114 gnoscl
494 1075 511 1101 r.

421 1176 441 1224 ἕ.
457 1174 495 1214 40.

77 1243 177 1284 Queluplicis
189 1245 253 1285 generis
265 1244 318 1274 tontes
330 1247 346 1273 et
357 1242 430 1272 subsidia
441 1242 532 1272 adhihenda
543 1243 579 1279 sint,
591 1246 607 1271 et
617 1241 660 1271 unde
667 1246 780 1281 cognoscatur,
792 1251 839 1281 quern

179 1295 224 1316 usum
236 1285 312 1326 loquendi
323 1283 390 1323 singulis
401 1285 417 1314 in
428 1282 469 1313 locis
481 1284 526 1322 sequi
538 1287 611 1322 oporteat
622 1281 738 1322 interpretem?

130 1368 149 1407 1.
169 1369 225 1408 Cum
243 1370 297 1408 libri
315 1369 378 1408 sacri
396 1370 438 1408 aut
457 1369 565 1408 hebraice
584 1371 606 1407 et
620 1369 745 1407 nonnullae
759 1370 839 1417 partes

75 1421 103 1461 V.
117 1421 141 1461 F.
156 1422 284 1471 chaldaice,
299 1424 339 1461 aut
353 1433 436 1472 graece
447 1422 477 1461 ad
485 1433 529 1462 nos
539 1421 697 1472 pervenerint3
712 1432 764 1460 eum
773 1432 839 1471 prae-

75 1479 139 1515 terea
158 1476 210 1526 ipsa
229 1488 315 1526 graeca
333 1488 352 1516 s.
371 1476 507 1526 scripturae
524 1475 605 1525 lingua
625 1475 710 1526 partim
731 1474 838 1514 onrnihus

76 1530 173 1568 Graecis
188 1530 317 1568 serior-ihus
332 1530 473 1576 eommunis,
492 1529 576 1579 partim
595 1529 691 1568 Judaeis
706 1529 839 1578 peculiaris,

75 1582 90 1620 i.
106 1588 125 1620 e}
137 1582 271 1629 judaismis,
286 1582 426 1620 lrehraismis
441 1584 463 1619 et
471 1582 629 1629 rahhinismis,
644 1584 666 1619 et
675 1581 699 1620 in
708 1582 733 1619 N.
744 1582 769 1619 T.
780 1582 840 1619 chri·

76 1633 206 1671 stianismis
221 1633 293 1671 mixta
307 1633 349 1671 sit:
363 1634 387 1670 in
402 1634 481 1681 aprico
496 1635 542 1680 est,
557 1633 587 1670 ad
600 1644 669 1671 usum
683 1633 792 1680 loquendi
806 1644 839 1671 ss.

76 1685 189 1722 librorum
203 1685 248 1722 rite
262 1685 449 1732 cognoscendum
466 1684 609 1722 adhibendos
629 1696 681 1722 esse
700 1685 776 1721 fontes
790 1686 839 1721 tum

75 1735 207 1781 hebraicos,
222 1736 356 1773 chaldaicos
371 1736 394 1772 et
407 1735 548 1781 rahhinieos,
562 1738 612 1773 tum
625 1746 723 1784 graecos
738 1746 840 1772 commu·

76 1797 119 1825 nes
134 1789 157 1825 et
170 1786 267 1825 Judaeis
281 1787 419 1835 peculiares,
433 1788 482 1824 tum
497 1786 670 1836 christianos1).

129 1838 150 1876 2.
170 1838 196 1876 ln
209 1839 276 1877 libris
290 1839 411 1882 hebraice,
430 1837 490 1876 etin
505 1849 584 1877 eorum
598 1838 704 1887 partibus
720 1838 840 1878 chaldaice

77 1890 180 1929 exaratis
194 1902 263 1930 usum
278 1890 387 1940 loquendi
402 1889 535 1929 hebraicum
551 1893 572 1930 et
587 1891 732 1929 chaldaicum
742 1901 794 1930 esse
804 1902 840 1930 se·

77 1944 205 1993 quendum,
228 1944 332 1994 alioquin
352 1942 421 1983 facile
442 1943 584 1994 intelligitur.
612 1945 741 1995 Quemnam
762 1946 840 1984 alitem

76 2008 144 2036 usum
158 1998 267 2047 loquendi
281 1997 380 2048 singulis
394 1995 419 2035 in
431 1996 491 2037 locis
505 1998 617 2037 librorum
632 2009 781 2047 graecorum,
794 1998 807 2035 i.
822 2010 839 2036 e.

78 2062 122 2087 num
137 2063 233 2100 graecum,
247 2051 394 2098 hellenislicurn,
410 2061 433 2087 an
449 2052 570 2089 christianum
582 2053 611 2097 (in
620 2051 642 2088 N.
651 2051 683 2097 T.)
697 2050 763 2100 sequi
773 2062 841 2101 opor·

76 2104 126 2140 teat
139 2103 293 2151 interpretem,
307 2103 393 2153 triplici
406 2104 475 2141 ruodo
490 2104 651 2152 cognoscitur,
670 2105 693 2141 et
707 2103 799 2151 quidem
813 2115 841 2142 ex

76 2154 168 2191 ratione
183 2165 275 2202 sensus,
289 2167 302 2193 e
316 2153 470 2204 grammatica
483 2154 656 2193 constructione
670 2157 692 2192 et
706 2166 733 2193 en
746 2155 840 2194 histori-

78 2205 113 2243 cis
127 2204 226 2242 indiciis.

130 2259 153 2302 a)
167 2255 200 2293 Ex
213 2256 303 2294 ratione
318 2268 417 2305 sensus3
436 2268 490 2295 nam
510 2256 626 2304 quemvis,
645 2257 699 2295 hine
718 2268 745 2296 eo
763 2258 839 2307 magis

78 2318 98 2346 s.
112 2307 252 2356 scriptorem
266 2307 358 2355 singula
371 2309 444 2346 verba
458 2311 481 2346 et
494 2308 593 2356 phrases
608 2308 641 2346 ita
654 2319 796 2356 usurpasse,
815 2311 841 2347 ut

76 2362 145 2408 aptus
159 2359 213 2397 inde
227 2359 325 2408 prodeat
338 2371 430 2407 sensus,
445 2362 507 2398 recte
521 2360 670 2409 snpponiturg
685 2360 769 2398 etenim
783 2371 840 2399 norr-

76 2412 122 2451 nisi
137 2411 203 2452 stulti
217 2413 240 2451 et
254 2411 379 2451 delirantes
394 2412 464 2452 edunt
478 2423 610 2461 sermones,
629 2412 668 2461 qui
685 2413 726 2451 aut
743 2414 840 2462 nultum,

78 2529 269 2537 ---.--

98 2594 116 2634 1]
128 2595 145 2625 ln
156 2596 174 2626 ll.
185 2597 202 2628 Τ.
215 2597 290 2628 Cilicisnri
301 2597 387 2638 pauciores
399 2602 415 2627 el
426 2596 506 2627 Latinismi
516 2597 586 2627 notiores
598 2603 639 2634 sunt,
652 2607 698 2639 quarn
709 2603 789 2628 uteorum
802 2597 839 2629 fon-

130 2642 154 2666 tes
165 2638 255 2678 singillatim
267 2649 361 2670 enumerare
372 2641 481 2669 necessarium
495 2639 520 2669 sit.
534 2639 593 2669 Fontes
605 2640 682 2671 rahhinici
696 2646 759 2680 practer
773 2639 839 2670 Tahund

130 2683 167 2708 sunt
176 2679 287 2757 gexqqographi
299 2687 316 2711 ct
327 2687 462 2712 commentatores
471 2680 541 2720 judaici,
557 2691 623 2721 qnorum
639 2684 734 2722 praepruos
746 2682 839 2712 nominabi-

128 2729 164 2750 mus
188 2742 192 2749 .
225 2743 229 2750 .
