1765 2921
97 184 147 236 gulis
161 170 235 220 illarum
250 183 401 232 conjunguntur,
421 180 495 230 copiam
514 180 632 226 (lexicalia);
650 179 685 218 sed
704 184 723 218 et
740 183 861 218 constantem

59 262 61 265 >
83 234 450 278 termarumacformularumusum,
467 244 556 270 necnon
571 237 642 270 certum
657 233 792 271 vocabulorum
807 233 861 270 ordi-

96 302 140 332 nem
154 288 177 326 ad
192 287 336 336 exprimendas
340 287 426 324 diversas
440 287 538 323 notionum
553 285 655 323 relationes
670 290 689 323 et
702 286 770 323 modos
784 289 861 335 (grani-

97 344 180 387 manca),
209 338 329 389 {nspeoie
347 338 425 386 itaque
444 348 502 376 usus
521 337 629 387 loquendi
646 337 753 387 respectu
770 337 860 377 lexicali

97 397 133 434 est
147 395 257 431 constans
276 389 409 438 conjunctio
428 390 553 428 earundem
572 390 691 428 notionum
708 401 760 428 cunr
778 390 860 428 iisdem

96 443 229 492 vocabulis,
242 445 350 492 respectu
363 452 419 480 vero
434 443 585 490 grarrnnatieo
600 444 635 481 est
649 444 761 480 constans
774 443 861 480 forma-

96 499 149 538 rum
163 509 191 535 ac
204 496 357 535 torritularurn
370 494 537 543 frequentatio,
552 505 594 533 nec
608 506 655 533 non
664 497 746 539 ,certus
760 495 861 533 vocabu·

96 552 172 590 lorum
186 549 243 587 ordo
258 548 288 586 ad
302 546 463 597 exprimendas
477 546 583 586 diversas
597 547 716 585 notionum
734 547 860 586 relationes

97 605 120 642 et
133 603 222 642 modos.

150 654 218 704 Quod
232 653 313 692 attinet
326 664 384 691 usus
398 650 506 700 loquendi

150 707 172 745 2.
186 705 360 751 necessitatem,
381 704 403 742 si
423 714 585 752 quameunque
604 704 707 753 linguam
728 704 860 750 considere·

96 771 156 806 mus,
171 757 291 806 sequentia
305 757 431 806 observare
445 754 509 793 licet:

151 814 173 856 o)
187 810 238 848 Esse⁴
256 809 364 847 bominibus
385 811 446 847 nisum
468 819 586 846 communem
607 813 626 846 et
645 809 726 857 proinde
747 810 860 857 naturalem,

96 875 156 902 voces
171 874 207 900 eeu
221 864 276 912 signa
295 863 320 899 ita
338 860 481 922 adtemperandi
498 862 526 898 rei
544 861 691 911 significandae,
710 866 731 899 ut
749 863 860 910 perceptio-

96 928 146 977 nem,
162 926 210 963 quae
225 925 259 963 per
273 914 342 951 illam
337 925 355 951 m
370 914 432 950 animo
446 914 553 959 enascitur,
568 918 588 950 et
601 914 630 950 sic
643 913 725 951 mediate
705 918 779 951 trem
793 915 860 962 ipsam,

96 969 218 1017 inquantum
233 966 274 1003 lieri
288 970 372 1014 potest,
382 964 503 1002 exactissime
521 969 678 1013 repraesentent,
697 966 748 1003 unde
766 967 794 1003 sie
809 967 859 1004 dicta

96 1020 262 1067 onomatopoetica
270 1021 395 1063 enascuntur
409 1028 455 1066 vmg
469 1014 505 1050 nn]
506 1015 599 1066 ,piperem
615 1018 690 1066 tonitru,
705 1019 789 1066 Donner,
800 1019 859 1056 brom

149 1075 191 1112 Non
205 1074 267 1110 minus
282 1073 338 1110 homo
397 1090 399 1093 ·
863 1080 864 1083 ’

149 1127 171 1173 b)
185 1137 219 1174 per
233 1126 311 1162 rationis
326 1136 373 1162 suae
388 1124 470 1163 indolem
483 1125 542 1162 ueluti
553 1125 642 1174 cogitur
637 1135 655 1161 m
665 1124 803 1174 conjungendis
813 1125 854 1173 plu-

95 1179 149 1217 ribus
164 1189 205 1216 cnm
220 1188 257 1214 una
271 1188 320 1215 voce
334 1177 505 1226 significationibus
524 1177 650 1214 similitudinis
668 1178 761 1214 rationem
780 1177 858 1225 habere,

97 1243 134 1280 quo
148 1230 224 1268 facilius
243 1229 320 1266 easdem
339 1233 410 1275 teneat;
428 1241 446 1266 ι.
460 1241 478 1279 g
492 1214 554 1270 obp:
567 1228 652 1266 incidere
671 1233 691 1266 et
704 1229 785 1276 sulcare,
800 1229 831 1267 leo
845 1248 859 1260 =

96 1286 164 1324 animal
178 1285 285 1333 quadrupes
300 1284 424 1332 notissimum,
438 1284 495 1323 beros
510 1290 529 1323 et
542 1295 582 1322 rea.
621 1319 622 1322 ,

148 1338 220 1375 Eodem
235 1336 291 1373 inodo
305 1335 361 1373 homo

148 1393 170 1435 c)
185 1383 224 1438 per'
232 1388 314 1425 indolem
328 1388 397 1425 mentis
411 1399 458 1426 suae
472 1394 561 1439 urgetur,
581 1387 653 1426 similes
672 1392 787 1436 conceptus,
804 1388 856 1427 rela-

96 1443 158 1479 tiones
173 1445 193 1478 et
208 1441 274 1478 modos
289 1440 380 1478 similibus
395 1440 461 1479 formis
476 1443 594 1490 exprimere,
614 1440 639 1477 ita
658 1443 689 1487 ut,
709 1440 854 1490 ubicunquesi·

94 1494 179 1535 mititudo
194 1492 295 1530 formarum
310 1496 342 1529 aut
355 1493 462 1530 structurae
476 1495 574 1539 recurrit
582 1491 604 1530 ad
619 1492 700 1529 similem
714 1494 812 1530 notionem
826 1504 853 1530 au
876 1527 878 1530 ,

94 1547 192 1583 notionum
206 1544 318 1587 relationem
333 1549 352 1580 et
366 1544 442 1581 modum
457 1546 572 1583 concludere
585 1545 685 1581 liceat-
698 1544 768 1581 Verum
780 1545 808 1582 his
818 1556 856 1608 non

95 1597 213 1641 obstantibus
228 1607 289 1644 aeque
302 1595 399 1633 indubium
413 1600 454 1633 est:

148 1663 242 1706 >sonos
257 1669 361 1705 eorumque
375 1669 410 1706 per
423 1658 514 1697 articulos
529 1659 616 1708 (linguae
634 1660 716 1708 organa)
735 1658 856 1708 inflexionem

94 1712 198 1749 naturalem
217 1709 317 1757 quemdam
334 1721 403 1746 nexum
421 1710 492 1747 habere
511 1712 534 1748 ad
553 1722 645 1748 summum
664 1721 706 1747 cum
725 1712 782 1748 certis
801 1713 857 1749 animi

94 1763 176 1800 motibus
190 1762 305 1809 indicandis,
322 1773 378 1810 porro
393 1773 434 1798 curn
449 1764 506 1799 rebus
521 1762 558 1800 illis
572 1767 591 1800 et
605 1760 812 1821 repraesentationibus
828 1765 856 1801 eis

93 1815 273 1876 respondentibus,
275 1825 324 1862 quae
338 1817 406 1851 sonum
420 1815 519 1862 quemdam
533 1809 597 1862 edunt,
613 1815 693 1863 ejusque
707 1815 811 1852 imitatione
820 1816 856 1853 dc-

95 1868 168 1917 signari
185 1871 205 1903 et
222 1871 331 1914 possunte
320 1866 425 1903 et.solent
446 1867 526 1905 Maxima
545 1879 593 1916 ergo
612 1878 656 1915 pars
674 1867 751 1916 linguae
770 1868 854 1914 adeam,

95 1931 150 1968 quam
164 1919 238 1963 dicunt,
258 1918 382 1955 discursivam
397 1920 525 1967 cognitionem
539 1921 632 1968 pertinet,
652 1929 700 1967 quae
714 1931 748 1967 per
758 1918 859 1958 ιιιιιιιιο·,

94 1983 142 2013 nem,
151 1972 173 2008 ab
189 1971 267 2008 arbitrio
282 1970 395 2018 pendentem
410 1976 534 2020 comparatur.
549 1973 651 2009 Praeterea

147 2035 188 2081 β)
182 2045 224 2081 ipsa
239 2034 291 2079 soni,
308 2033 402 2079 erebus,
422 2045 470 2082 quae
489 2034 619 2085 designandae
638 2037 693 2078 sunt,
712 2033 758 2071 editi
775 2034 854 2072 imitatio

95 2085 192 2146 quemdam
206 2062 298 2123 libertatis
312 2086 391 2123 inrolvit
384 2090 465 2130 tusam,
479 2098 502 2124 ac
516 2098 550 2135 pro
565 2097 690 2135 organorum,
704 2097 739 2135 pro
754 2087 847 2124 sentiendi

94 2149 129 2188 pro
143 2140 196 2176 iocis
211 2140 230 2175 ιι
243 2137 323 2185 proinde
339 2149 373 2186 pro
393 2138 442 2175 coeli
461 2140 560 2187 victusque
579 2139 689 2176 diuersitate
708 2140 789 2177 manime
803 2140 849 2176 vari·

94 2194 125 2238 sit,
140 2195 222 2241 oportet,
236 2192 264 2228 uti
278 2191 384 2239 exemplum
399 2192 487 2239 superios
501 2192 536 2229 sub
546 2196 567 2237 o)
581 2191 657 2230 allatum
667 2192 757 2229 ostendit
772 2193 848 2230 'landen

147 2258 167 2302 p)
182 2254 306 2291 similitudinis
321 2254 380 2298 ratio,
395 2253 418 2290 ob
434 2264 488 2302 qnam
503 2266 544 2291 cum
558 2265 607 2292 voce
622 2254 700 2303 quadam
716 2254 780 2304 plnres
795 2255 851 2306 signi-

93 2308 204 2356 fieationes,
219 2309 250 2342 ant
264 2317 304 2342 curn
320 2311 372 2343 certa
385 2307 440 2343 iocis
455 2306 515 2344 torma
530 2308 564 2344 bae
578 2307 647 2344 illaete
661 2308 760 2345 notionum
775 2309 850 2348 relatio.-

93 2372 128 2399 nes
143 2365 163 2398 et
178 2358 228 2396 modi
242 2359 389 2409 conjunguntur,
404 2357 502 2408 multiplex
516 2371 560 2398 esse
574 2364 644 2410 potest,
659 2366 715 2409 prout
729 2365 761 2398 aut
775 2372 807 2422 res
823 2365 855 2398 aut

92 2415 181 2452 notiones
197 2422 221 2449 ex
235 2410 270 2447 bac
284 2411 322 2448 vel
328 2412 360 2449 illa
375 2416 428 2460 parte
442 2417 558 2461 spectantur.

147 2478 198 2522 (tuae
211 2487 253 2513 ιιιιιι
267 2476 292 2512 ιιι
307 2477 355 2519 sint,
374 2481 435 2523 patet
454 2486 536 2514 nexunt
554 2476 614 2514 inter
632 2475 813 2526 significationes
831 2479 854 2515 et

92 2542 162 2569 voces
176 2528 323 2575 obtinentem,
337 2528 358 2566 si
372 2528 446 2576 ipsam
461 2527 512 2576 ejus
527 2529 638 2577 originem
648 2530 748 2577 spectes,
761 2528 853 2568 mininie
876 2559 878 2563 s

35 2590 37 2592 ’
92 2584 138 2622 ιιιιι
148 2581 286 2620 necessitate
300 2581 400 2630 qrradarn
415 2583 519 2627 naturae,
534 2591 580 2618 ιιιιιι
595 2590 647 2618 esse
659 2581 764 2624 absolute
773 2579 852 2619 aleces·
870 2602 873 2607 ·

48 2669 50 2672 ,
92 2636 189 2682 sarium,
203 2633 244 2671 sed
259 2633 288 2670 ab
303 2633 399 2671 arbitrio
413 2633 523 2682 pendeam
537 2644 607 2671 secus
620 2633 680 2671 enim
693 2633 763 2671 annea
772 2632 795 2672 in
804 2636 853 2672 toto

54 2699 56 2701 ’
92 2692 208 2743 terrarum
227 2685 282 2723 orbe
300 2686 407 2725 existeret
430 2685 515 2734 lingua.
548 2685 635 2734 Quodsi
656 2688 732 2724 autem
756 2686 852 2733 arbitrio
