1787 2921
775 94 822 136 ιιι

53 202 130 241 eernper
143 195 188 230 sunt
201 192 359 241 perfectissimae,
374 187 408 231 sed
423 204 558 242 nonnunquam
572 191 645 238 rudiori
658 191 754 230 hominurn
769 204 819 241 cap-

53 246 80 283 tui
94 246 259 292 aeeouunodatae3
278 258 337 296 quare
355 247 417 285 minus
438 247 535 297 perfectae
553 246 643 284 notiones
661 247 711 283 istae
725 245 748 283 ad
763 246 818 295 prin-

53 299 101 348 cipia
116 300 199 348 practica
214 301 293 338 rationis
307 311 366 349 purae
381 301 537 339 revocandaeet
529 299 679 348 tperiiciendae
698 303 753 343 sunt,
773 303 817 336 uta

52 351 109 399 Deo,
115 356 162 390 ente
173 352 325 407 perfectissimo,
339 346 438 402 proiectae
452 355 529 392 censeri
542 354 627 402 possint,
642 363 688 398 seu,
691 352 754 399 quod
767 351 818 388 idern

21 413 23 416 ’
53 408 93 452 est,
113 417 135 443 s
141 403 252 454 Scripturac
270 406 433 454 interpretationi
441 411 460 445 et
480 407 546 445 sensui
560 405 638 444 litterali
651 405 784 478 interpretatio
800 408 819 441 et

53 468 131 496 sensus
130 459 214 496 moralis
228 459 356 508 adjungenda

99 510 175 560 Resp
205 511 293 549 Sacras
316 510 407 550 litteras
432 512 550 550 continere
574 510 704 549 doctrinam
729 509 818 548 revela·

53 565 114 610 tam,
133 574 201 611 quae
209 562 283 601 ileum
301 563 371 601 habet
389 565 545 611 auctorem,
539 576 563 603 m
577 568 645 612 quem
659 561 818 611 cognitionum

54 614 197 664 imperiectio
211 625 258 652 non
272 614 342 661 cadit,
356 625 437 653 verum
451 616 552 663 quidem
555 618 602 663 cst3
616 615 669 654 inde
679 617 757 653 autem
771 624 818 652 nou

54 666 172 715 sequitur,
190 666 356 706 revelationem
370 668 431 705 hauc
445 667 629 716 perfectissimas
646 667 753 705 notiones
767 666 818 704 ubi-

54 729 99 767 que
113 718 215 767 pontiore
229 718 325 766 debere;
343 729 398 757 nam
411 719 523 757 revelatio
537 719 666 757 divina'est
680 718 750 756 simul
761 718 818 755 edu-

55 770 116 808 catio
134 770 253 808 hominum
271 770 321 816 (Gai.
341 769 359 817 3,
374 770 417 815 24.)
436 773 458 808 et
477 770 591 809 institutio
611 770 641 807 ad
659 770 764 807 satutem.
777 779 823 818 per>

57 822 136 869 tidem,
155 832 215 869 quae
230 824 266 860 est
280 822 304 860 in
318 822 410 860 Christo
424 823 483 860 Jesu
497 823 528 869 (li.
543 823 589 860 Tim.
604 821 623 865 3,
640 822 692 866 l5.];
712 820 819 859 educatio

54 884 110 912 vero
124 873 231 923 sapiens,
245 874 359 912 rationem
373 875 463 912 babens
478 877 572 924 captus,
586 872 767 921 indigentiarum
781 873 828 915 de-„

55 926 235 975 stinatiouisque
249 925 439 974 erudiendorum,
458 937 533 975 neque
547 927 628 964 eadem
642 924 758 963 tironibus
772 926 819 962 tra·

55 978 100 1025 dit,
121 989 181 1027 quae
202 978 295 1017 norrrrisi
316 979 340 1017 in
361 979 492 1027 cognitione
512 978 698 1027 provectioribus
718 979 741 1015 et
759 977 819 1016 satis

55 1030 202 1081 praeparatis
217 1030 369 1078 conveniunt,
387 1042 466 1080 neque.
476 1030 679 1070 omuibusomnia
693 1029 820 1068 communi-

56 1086 101 1122 cat.
115 1084 174 1122 ilinc
189 1085 211 1122 ct
225 1084 336 1122 revelatio
350 1085 413 1122 recte
428 1083 578 1134 distinguitur
592 1083 639 1122 alia
654 1083 770 1127 absoluta,
785 1093 820 1122 re-

55 1137 128 1176 lativa
138 1136 197 1175 alia
210 1137 344 1189 Absoluta,
355 1136 431 1186 qualis
446 1139 482 1176 est
495 1137 524 1175 Ν
535 1137 573 1184 'l.,
591 1136 676 1175 dieitur
689 1135 741 1184 illa,
760 1146 820 1185 quae

56 1190 126 1238 orrrui,
141 1190 210 1229 etiam
225 1201 316 1229 summo
330 1190 435 1229 culturae
449 1190 543 1240 gradui,
559 1192 581 1228 et
594 1189 696 1240 proinde
705 1188 768 1228 omni
782 1200 820 1227 ae·

55 1243 98 1282 tati
112 1255 141 1282 ac
158 1243 247 1293 regioni
266 1246 302 1282 est
320 1243 491 1293 adtemperata,
509 1246 535 1282 ei
550 1243 601 1282 ideo
620 1242 750 1291 doctrinam
769 1253 820 1292 per·

56 1296 209 1335 lectissimam
223 1296 341 1335 continere
355 1296 423 1335 debet
432 1296 467 1347 ¹),v
476 1297 588 1335 revelatio
602 1296 702 1334 relativa
714 1287 825 1338 vocatur,

56 1360 116 1397 quae
130 1348 222 1387 nonnisi
241 1351 304 1387 certo
323 1349 428 1387 culturae
447 1349 530 1398 gradui
550 1360 579 1387 ac
594 1348 709 1398 peculiari
728 1348 820 1386 cuidam

55 1402 96 1441 fini
110 1402 274 1449 subordinate,
293 1413 336 1440 nec
352 1413 399 1440 uon
417 1404 495 1441 certae
508 1394 598 1440 tantum
618 1401 695 1440 aetati·
704 1401 828 1448 destinata>

55 1457 99 1508 est
119 1454 241 1516 Ejusmodi
255 1455 367 1493 revelatio
381 1455 480 1500 relativa
498 1457 541 1493 est·
547 1454 588 1493 illa
601 1454 629 1493 V.
643 1454 679 1501 R,
698 1465 759 1502 quae
773 1453 820 1500 uni,

55 1503 123 1555 eique
137 1507 261 1545 maximam
275 1509 365 1556 partem
373 1504 431 1545 rudi
446 1507 523 1545 adhuc
534 1507 619 1556 populo
629 1506 684 1545 data
694 1508 752 1553 erat,
766 1507 821 1545 sub·

56 1559 235 1607 ordinatumque
249 1559 330 1597 habuit
343 1560 420 1606 linem,
434 1571 524 1609 nempe
530 1559 731 1597 conservationem
743 1559 822 1607 cogni-

56 1611 127 1649 tionis
142 1614 164 1649 ct
178 1613 255 1649 cultus
269 1612 319 1649 veri
336 1611 390 1658 liei,
409 1613 479 1660 atque
490 1612 678 1661 -progressivam
691 1612 822 1649 animorum

57 1664 258 1712 praeparationem
280 1664 310 1701 ad
331 1663 431 1702 ilessiae
456 1664 580 1702 adventum
603 1666 626 1702 et
648 1663 822 1713 suscipiendam

27 1739 28 1742 =
57 1715 187 1753 doctrinam
201 1715 375 1764 perfectiorem,
395 1727 455 1764 quae
473 1717 570 1765 proinde
589 1718 668 1754 certae
680 1718 771 1755 tantum
786 1728 823 1754 ae-

55 1767 98 1805 tati
113 1770 164 1805 erat
179 1767 303 1805 destinata.
324 1768 388 1805 llaec
403 1767 455 1814 jam
473 1769 585 1806 revelatio
604 1769 704 1806 relativa
722 1766 769 1806 uon
783 1780 823 1817 po·

55 1820 117 1856 terat
130 1819 215 1867 ubique
229 1819 413 1867 perfectissimas
427 1820 534 1857 notiones
548 1820 662 1868 paudere,
681 1821 736 1869 quia
750 1819 823 1869 popu·

56 1871 93 1908 lus
112 1870 237 1908 hebraicus
255 1873 315 1908 teste
334 1870 386 1918 ejus
406 1871 504 1909 historia
522 1872 623 1909 incultus
643 1884 671 1909 ac
689 1873 755 1910 rudis
774 1872 822 1910 iilis

57 1922 176 1971 capiendis
190 1923 266 1971 impar
280 1924 338 1960 erat.
359 1923 416 1961 Cum
427 1922 479 1969 jam
493 1923 626 1972 interpretis
646 1924 692 1971 sit,
707 1924 823 1972 loquentis

57 1975 171 2022 cogitata,
186 1977 208 2013 et
223 1975 315 2023 qrridem
329 1975 392 2013 omini
406 1987 459 2013 cum
473 1975 518 2014 lide
532 1976 646 2024 pandere,
661 1976 740 2024 utique
754 1977 823 2015 nefas

57 2029 105 2074 est,
126 2027 153 2065 V.
172 2027 198 2066 Τ.
217 2027 295 2066 ellatis
316 2026 434 2075 subjicere
448 2028 562 2066 'riotiones
580 2028 732 2077 perfectiores
752 2031 823 2077 atque

56 2079 213 2125 sublimiores,
228 2092 257 2119 ac
272 2091 331 2130 quas
345 2079 408 2119 licus
422 2080 574 2131 ipse„utpote
589 2081 694 2120 culturae
704 2081 824 2120 borninum

57 2135 80 2172 et
94 2133 243 2173 revelationis
258 2132 330 2182 nujus
348 2134 388 2173 lini
407 2134 595 2185 adtemperatasp
612 2146 659 2184 qua
678 2135 825 2186 sapientissi-

56 2198 109 2226 mus
128 2187 241 2226 educator
259 2188 411 2227 manifestare
429 2188 510 2227 voluit.
538 2188 623 2237 Neque·
635 2189 824 2228 exrevciatioue

57 2240 165 2287 relativa,
179 2252 226 2279 nou
240 2240 326 2289 ubique
340 2240 525 2290 perfectissimas
540 2242 645 2290 quidem,
660 2244 763 2281 attamen
776 2253 824 2281 non

57 2293 117 2332 tales
132 2294 239 2333 notiones
253 2294 381 2342 pandente,
396 2294 494 2343 quaein
509 2306 535 2333 se
548 2294 706 2344 imperfectae,
721 2296 824 2335 aeternis

58 2348 157 2385 naturae
171 2347 268 2386 rnoralis
282 2346 373 2396 iegibus
388 2348 528 2395 contrariae,
543 2350 565 2386 ct
579 2348 610 2387 ad
624 2349 692 2388 linem
703 2360 771 2387 suum
786 2360 825 2387 as-

57 2399 200 2447 sequendum
215 2400 306 2449 ineptae
320 2400 428 2448 luissent,
443 2400 626 2449 imperfectionis
641 2401 696 2450 quid
710 2401 824 2449 inlieum,

13 2455 20 2462 “
57 2450 110 2499 ejus
125 2455 256 2500 auctorem,
270 2453 381 2500 resultat,
396 2453 504 2491 boatum
518 2454 596 2503 potius
610 2454 688 2502 tieret,
702 2455 724 2492 si
738 2454 826 2503 ubique

58 2505 230 2554 perfectissima
244 2505 425 2555 suppeditasset.

81 2680 98 2718 ι)
111 2677 142 2709 oo.
154 2680 215 2718 Spstenr
231 2679 260 2710 der
275 2680 370 2721 gittiiciren·
379 2680 446 2712 Thatcn.
456 2680 484 2711 der
501 2680 636 2713 Christentlruurs
644 2691 676 2713 von
691 2682 709 2714 F.
721 2683 775 2715 Xaver
785 2684 826 2714 Die-

113 2721 171 2761 ringcr.
182 2722 192 2752 2
204 2721 243 2753 nde.
255 2722 304 2753 iiainz
316 2723 363 2754 isti.
421 2721 422 2725 ¹
