1787 2921
765 107 796 160 aa·

32 203 153 246 rationalis
167 205 221 241 ante
238 203 327 242 linitum
345 197 543 254 interpretationis
557 202 673 249 negotium
688 202 795 241 determi-

32 267 88 298 nare
101 266 148 293 non
161 256 234 303 valet,
252 267 307 294 uum
326 259 434 296 auctores
453 253 516 294 sacri
535 254 582 292 sint
599 254 644 291 lide
659 254 732 303 digni,
751 266 795 293 nec

32 320 70 356 neg
89 307 144 356 quid
163 308 252 346 sacrae
264 308 362 357 paginae
380 308 512 348 contineant
531 308 571 344 aut
589 317 635 344 non
650 306 803 355 contineant,-

31 372 85 403 num
103 360 163 399 inter
180 371 205 400 se
222 361 320 400 invicem
339 361 485 401 consentiant
504 371 534 412 an
549 358 699 406 discordent3
719 359 794 397 adhoc

32 417 188 465 allerumtamen
202 415 337 464 suspicandum
352 418 431 466 pronior
445 416 492 463 erit,
512 426 553 452 cum
569 425 611 451 enm
626 424 665 451 non
679 413 795 460 lateat‚,rix

32 470 77 508 duos
92 479 137 506 esse
152 469 252 515 mortales,
268 469 304 506 etsi
318 471 355 507 sint
370 471 455 519 ejusdem
470 469 556 518 magistri
570 468 669 516 discipuli,
684 469 715 516 qui
731 469 793 505 omni-

32 524 66 561 bus
80 522 99 565 ia
114 523 199 570 partibus
214 522 237 559 de
253 521 319 559 eadem
334 522 421 560 doctrina
436 524 515 572 ejusque
529 533 587 559 sensu
602 520 741 559 eodem-modo
757 532 793 559 co-

31 577 100 627 gitent,
119 575 157 613 imo
178 571 259 612 eundem
277 574 372 612 hominem
391 576 472 613 diversis
491 575 608 622 temporibus
627 576 733 612 sententias
748 585 794 612 suas

30 630 134 666 immutare.
155 627 257 665 Sacrorum
276 628 367 665 librorum
387 628 453 665 critica
471 628 529 676 igitur
548 628 723 674 interpretationem
743 628 792 664 cath.

30 678 133 728 praecedit,
148 682 200 715 mere
214 679 325 724 rationalem
339 691 387 717 vero
402 680 493 727 sequitur.

82 729 103 766 2.
124 730 239 778 Respecto
257 731 422 779 interpretandi
435 728 619 779 principiorum:
640 729 793 777 Quemadmo-

31 782 83 819 dunr
99 781 217 819 Gatlrolico
231 782 359 830 generatim
364 809 371 829 ,
389 783 422 820 ita
441 784 463 820 ct
480 781 599 829 interpreti
617 781 732 818 catholico
747 792 804 829 qua-

30 833 71 871 tali
85 833 190 872 doctrina
204 833 316 872 ecclesiae
330 845 388 873 suae
402 832 507 881 majoris,
525 844 594 880 quam
608 833 668 878 ratio
683 834 794 878 humana,

30 886 76 923 imo
90 885 203 930 maximae
218 888 254 925 est
268 887 421 934 auctoritatis,
436 886 473 938 cui
487 885 511 924 in
520 886 592 923 rebus
600 885 653 923 lidei
663 887 685 923 et
695 896 804 931 morum,-

30 937 89 976 etin
103 938 221 986 omnibus,
237 950 296 988 quae
311 950 362 978 cuin
377 939 441 978 hisce
455 939 478 977 in
493 949 552 977 nexu
566 938 642 987 posita
657 939 721 985 sunt,
736 937 793 976 nihil

30 1002 76 1031 non
90 991 238 1040 subordinat,
257 1004 286 1032 ne
305 992 501 1043 interpretationis
516 990 635 1042 principiis
650 991 743 1041 quidem
757 1002 794 1029 ex-

20 1041 103 1095 'ceptis‘
109 1044 133 1096 ¹).
148 1068 173 1073 —
192 1046 308 1097 lnterprcs
326 1049 403 1085 autern
420 1057 483 1086 ruere
497 1045 630 1093 rationalis,
650 1045 707 1084 solis
722 1044 794 1083 ratio-

29 1097 67 1137 nis
79 1098 245 1148 interpretandi
259 1100 378 1149 principiis
393 1100 495 1138 conlisus
509 1111 537 1138 ac
548 1098 623 1147 nixus,
638 1101 660 1137 et
670 1099 745 1137 solani
755 1110 792 1136 ra-

29 1151 115 1189 tionem
136 1163 203 1190 suain
225 1150 321 1191 audieus
338 1151 452 1200 judicem,
473 1154 604 1201 respectum
625 1150 740 1198 ejusmodi
762 1151 793 1189 ad

30 1203 159 1242 doctrinam
173 1205 297 1252 quamdam
312 1207 446 1244 constanter
459 1204 548 1254 respuit
559 1203 699 1253 praejudicii
709 1204 792 1251 instar,

29 1255 91 1302 quod
105 1267 119 1293 a
133 1267 188 1294 vcro
202 1257 300 1295 videndo
318 1257 425 1295 detineat.
647 1288 650 1293 .

82 1306 103 1344 3.
117 1307 198 1345 Relatc
206 1308 236 1345 ad
245 1308 411 1357 interpretandi
419 1309 523 1347 niodum:
537 1308 653 1356 interpres
664 1308 793 1346 catholicus

83 1362 105 1403 a)
120 1359 152 1395 ita
167 1359 258 1407 exponit
272 1370 291 1396 s.
306 1359 462 1408 Scripturanr,
476 1361 539 1397 utin
553 1360 659 1409 partibus
674 1359 792 1397 historicis

29 1419 76 1446 non
94 1410 201 1447 obstante
220 1410 243 1447 in
262 1411 329 1448 ruodo
348 1412 460 1449 narrandi
479 1423 507 1448 ae
521 1411 681 1458 dispositionis
697 1411 793 1449 dirersi-

28 1463 76 1498 tate
90 1462 112 1499 et
126 1461 304 1510 errautiphoniae
318 1463 394 1511 specie
409 1463 483 1501 omnis
498 1474 578 1511 pugna
590 1462 725 1509 evanescat,
741 1464 792 1510 quia,

29 1515 45 1551 si
59 1525 121 1563 pugna
137 1525 182 1551 vera
196 1515 246 1551 inter
260 1526 326 1552 sacros
345 1520 434 1553 auctores
453 1517 544 1562 oriretur,
564 1516 605 1563 ejus
625 1526 701 1552 causam
720 1526 759 1551 non
773 1517 792 1552 in

29 1565 94 1615 bisce,
114 1566 193 1605 sedvel
208 1568 227 1605 in
243 1570 294 1606 textu
309 1568 387 1616 vitiata,
401 1568 433 1607 rel
447 1569 466 1607 in
481 1569 557 1606 sinistra
572 1579 605 1606 sua
616 1568 680 1617 ,ipsius
695 1568 793 1616 interpre-

29 1622 110 1669 tatione,
124 1621 156 1659 rel
170 1622 189 1660 in
204 1632 286 1660 erroneo
301 1634 336 1661 suo
349 1622 421 1672 Judieio
435 1622 533 1670 residere,
549 1623 714 1672 persuasissimum
728 1621 792 1669 babet,

30 1678 49 1712 et
63 1675 100 1712 boc
114 1676 156 1725 ipso
172 1675 195 1713 ad
209 1676 296 1720 iteratum
311 1688 391 1715 exanren
406 1681 530 1726 provocatum
544 1688 565 1715 se
580 1677 643 1714 sentit,
658 1675 792 1725 interpretis

29 1738 90 1766 vero
99 1739 161 1768 mere
174 1729 296 1769 rationalis
311 1741 392 1779 parum
407 1730 514 1778 interest,
528 1741 583 1768 num
598 1729 701 1767 inlibris
716 1729 792 1767 sacris

29 1779 207 1830 interpretandis
226 1782 351 1831 antilogiac
369 1785 504 1830 occurrant,
524 1794 566 1821 nec
585 1793 620 1820 ne.
641 1784 677 1820 Pro
697 1785 792 1830 aequitate

30 1832 71 1870 aliis
86 1834 150 1871 debita
164 1845 203 1871 non
216 1835 273 1872 facile
287 1836 361 1883 quidem
381 1837 400 1873 iu
418 1835 554 1884 scriptoribus,
575 1837 605 1884 qui
623 1837 674 1872 sacri
691 1835 792 1882 habentur,

29 1885 66 1936 nisi
79 1886 156 1924 inimico
170 1888 189 1923 in
203 1886 246 1924 illos
261 1887 333 1924 feratur
347 1888 416 1935 animo,
430 1888 480 1925 baud
494 1899 551 1938 secus
561 1889 633 1933 sallem,
650 1893 706 1936 atque
716 1889 734 1924 in
744 1899 793 1924 auo-

29 1938 102 1990 toribus
116 1939 201 1985 profanis
215 1941 281 1986 peritis
297 1950 319 1976 ac
333 1940 399 1987 probis
414 1941 509 1978 concedet
524 1952 603 1989 pugnas,
618 1941 700 1987 ideoque
715 1942 734 1975 in
743 1940 792 1976 locis

29 1987 125 2026 historicis
140 1990 235 2037 parallelis
254 1992 316 2027 omnia
335 1996 424 2029 accurate
439 1993 562 2037 examinabit,
584 1997 683 2038 antequam
703 1992 726 2027 de
745 2002 792 2027 rera

30 2050 92 2089 pugna
106 2042 222 2085 conclamet3
238 2043 306 2089 quodsi
319 2043 365 2091 vero
381 2054 414 2090 pro
427 2044 504 2091 J'udicic
516 2044 557 2090 eJ'us
572 2043 678 2089 subjectivo
693 2043 754 2078 textui
762 2044 792 2079 ris

29 2090 138 2140 inferenda,
158 2097 190 2130 aut
204 2095 284 2131 rationis
299 2095 434 2143 interpretandi
450 2095 541 2143 principia
556 2094 606 2131 laedi
619 2094 737 2139 riderentur,
755 2105 804 2132 ne-.

30 2143 93 2192 glacio
105 2148 195 2187 ‘examine
209 2146 330 2194 profundiori
344 2151 363 2185 et
377 2149 486 2186 continuato
501 2147 564 2185 nullus
579 2146 681 2195 dubitabit,
697 2148 741 2195 qum
754 2158 792 2195 pu-

30 2207 85 2246 gnam
100 2198 169 2236 adesse
183 2203 258 2237 statuat.
608 2225 611 2229 Δ

83 2252 105 2299 b)
115 2252 234 2303 ¹interpres
249 2254 322 2303 cath,
337 2253 357 2292 si
372 2253 396 2293 in
408 2254 479 2298 rebus
493 2252 611 2292 historicis
620 2264 698 2303 pugna
708 2252 797 2292 adesse

29 2302 146 2357 videretur
165 2306 289 2358 profanum
310 2307 370 2348 inter
390 2310 413 2348 et
436 2319 529 2347 sacrum
554 2307 703 2358 scriptorem,
729 2305 791 2345 cinni

50 2483 68 2523 1)
80 2484 119 2523 ,llle
130 2491 153 2515 esi
165 2495 214 2517 verus
227 2493 243 2518 et
253 2497 338 2528 germanus
350 2486 450 2528 Catholicus,
467 2488 494 2528 qui
508 2488 590 2519 veritatem
604 2486 642 2523 Dei,
658 2486 684 2525 qui
699 2483 790 2524 ecclesiam,

82 2528 109 2568 qui
121 2527 177 2564 Christi
190 2538 248 2569 corpus
264 2529 321 2571 diligit,
338 2531 364 2570 qui
380 2530 443 2560 diuinae
456 2529 540 2570 religioni,
556 2531 582 2570 qui
597 2528 685 2559 catholicae
701 2525 737 2556 fidei
751 2527 790 2558 nihil

81 2570 173 2609 praeponit(
183 2579 214 2600 non
227 2571 293 2602 hominis
306 2571 393 2612 cujuspiam
405 2573 519 2610 auctoritatem,
531 2581 562 2601 non
575 2579 649 2605 aurorem,
660 2578 693 2598 oon
703 2568 791 2608 irrgeuium,

81 2618 113 2640 uon
126 2610 242 2651 eloquentiam,
255 2623 287 2643 oon
298 2613 424 2653 pbilosopbiam3
440 2613 468 2642 sed
480 2614 521 2643 haec
533 2617 589 2641 cuncta
602 2610 693 2648 despiciens
705 2616 721 2641 et
733 2611 747 2641 iu
761 2611 791 2641 bele

82 2649 130 2687 fixus,
142 2651 201 2682 stabilis
213 2663 318 2692 permanens,
330 2655 406 2694 quidquid
417 2654 527 2685 universaliter
538 2652 622 2692 antiquitus
634 2651 721 2682 ecelesiam
734 2652 791 2682 talbo-

82 2690 128 2722 licam
142 2693 213 2723 tenuisse
229 2697 331 2734 cognoverit,
347 2696 362 2726 id
374 2695 425 2725 solum
440 2695 470 2724 sibi
485 2693 571 2724 tenendum
587 2693 717 2734 credendumque
732 2694 791 2723 deeor-

83 2733 120 2763 nit“
133 2733 224 2765 Vincentius
235 2734 286 2765 Leria,
299 2735 393 2767 Conimonit.
405 2745 418 2766 c.
429 2735 455 2766 20.
503 2754 504 2757 =
519 2740 521 2742 ’
