1765 2921
57 97 94 124 viil

57 181 247 240 superaedificasse
264 197 328 241 super
344 183 502 229 fundamentum
517 187 609 244 positum
626 200 638 230 a
652 188 704 232 viris
715 176 766 232 mox
777 189 822 233 lau·
866 212 868 222 ι

57 255 120 309 (ΙειιίεἼ
136 268 178 298 nec
195 268 250 310 non,
267 256 323 312 quod
339 270 403 300 nemo
419 258 529 301 mirabitur
545 265 581 301 aut
598 273 663 315 aegre
679 259 748 317 feret,
763 276 825 306 usum

58 341 108 371 esse
130 328 229 384 operibus
251 328 416 374 hermeneuticis
439 331 591 387 antiquioribus
613 345 638 374 ao
661 334 824 387 recentioribus,

58 400 228 456 ephemeridibus
249 400 390 457 theologicis7
412 404 570 461 monographiis
593 418 619 447 ac
640 405 825 450 dissertationibus

57 478 98 515 etc.
123 473 164 515 Ast
181 487 215 515 nie
232 487 275 529 non
292 475 411 539 simplicem
434 477 507 534 egisse
524 476 649 533 plagiarium
666 484 703 521 aut
719 479 825 536 compila-

57 551 134 597 torem,
151 558 231 601 aequus
247 547 371 603 peritusque
382 561 453 590 rerum
465 548 552 603 arbiter,
568 556 592 592 ut
604 563 692 607 sperare
703 549 754 594 mihi
766 551 826 607 licet„

57 616 134 660 lubens
152 617 264 675 agnoscet.
732 624 736 629 ‘

84 731 87 736 .
120 689 196 735 Relate
213 691 241 734 ad
262 693 396 735 materiarum
419 697 554 736 tractatarum
576 693 672 737 ordinem
694 699 715 737 et
733 695 825 752 ‚modurn5

29 790 31 792 -
59 779 151 808 erronea
167 766 350 820 interpretationis
366 767 470 822 principia
488 766 514 809 ad
532 768 614 810 calcem
626 763 697 824 operis
708 768 825 824 releganda

59 852 109 882 esse
126 829 260 890 videbanturq
278 829 325 893 quia
343 838 368 881 ad
387 851 411 881 ea
428 837 545 882 refellenda
562 841 627 884 totius
638 842 761 897 systematis
772 841 825 884 her-

58 913 173 956 meneutici
190 912 284 966 cognitio
299 913 418 967 requiritur.
443 911 477 955 Ad
499 903 619 969 pleniorem
641 913 717 957 indolis
739 913 826 971 linguae

59 998 153 1041 graecae
175 985 197 1026 in
218 984 245 1027 N.
263 984 287 1026 T.
306 985 384 1027 obviae
406 986 521 1043 imaginem
542 986 745 1047 repraesentandam
765 988 826 1045 plrrra

59 1058 158 1115 exempla
174 1057 410 1119 Alexandrirrismornm
428 1064 449 1101 et
465 1058 636 1102 Hebraismerum
649 1059 764 1102 adferenda
777 1046 827 1103 esse

58 1133 146 1193 putavi,
170 1132 266 1187 quaesi
283 1132 317 1173 cui
340 1131 465 1188 displicentq
487 1131 551 1175 facile
572 1135 712 1189 praetermitti
728 1140 824 1190 possunt.

41 1207 80 1250 'In
105 1206 220 1264 collatione
239 1205 335 1248 locorum
357 1204 384 1247 V.
400 1205 424 1261 Ε.
445 1207 466 1248 in
483 1205 509 1249 N.
526 1198 686 1256 T.allatoruni
706 1219 758 1261 nsus
781 1220 826 1250 sum

60 1281 154 1322 editione
176 1278 259 1322 Sixtina
280 1279 398 1322 versionis.
415 1277 566 1335 Septuaginta,
593 1292 654 1335 quam
678 1281 827 1323 recentissime

59 1353 202 1395 recudendam
218 1351 270 1395 fecit
285 1352 350 1408 lagei·
367 1345 456 1395 Parisiis
473 1352 543 1398 1844.
557 1357 619 1408 seqq.
645 1352 749 1396 Numerus
766 1354 826 1397 Psal-

39 1424 43 1426 ’
60 1424 141 1469 morum
158 1431 180 1468 et
196 1426 296 1468 librorum
312 1425 395 1481 Regum
412 1427 488 1470 citatus
506 1432 540 1469 est
553 1427 615 1481 juxta
633 1426 758 1470 divisionem
775 1432 828 1485 tex-

60 1507 94 1544 tus
112 1498 214 1543 hebraici.
863 1497 865 1501 ’

125 1583 186 1636 Quod
207 1585 283 1626 attinet
304 1583 390 1640 linguae
413 1582 545 1625 adhibendae
562 1582 677 1637 selectum⁷
694 1582 768 1627 dubins
784 1598 829 1627 non
872 1633 876 1637 ⁴

60 1657 186 1710 haerebam3
211 1659 290 1700 etenim
313 1670 433 1714 sermonem
457 1656 544 1699 latinum
566 1670 579 1699 e
601 1657 675 1701 studiis
699 1646 828 1714 theologicis

61 1730 146 1773 exulem
163 1730 249 1785 lacere,
271 1744 315 1773 non
335 1736 416 1773 tantum
437 1735 610 1787 praeposterum,
633 1730 672 1773 sed
694 1735 715 1772 et
736 1732 828 1773 maxime

61 1805 161 1847 nocivum
184 1817 348 1856 esse-oensem
371 1809 532 1861 praeposterum
555 1802 652 1859 quidem,
675 1805 773 1859 quoniam
795 1810 829 1848 est

61 1877 143 1934 linguaq
159 1882 182 1918 ut
199 1879 228 1918 ita
246 1876 322 1930 dicam,
339 1876 456 1920 vernacula
473 1876 581 1920 ecclesiae
597 1875 828 1932 romano-catholicae,

60 1952 135 1994 matris
153 1949 250 1993 omnibus
267 1949 329 2002 nobis
347 1950 477 2003 communis;
493 1950 594 1992 nocivum
611 1955 693 2002 autern,
711 1950 758 2006 quia
774 1964 828 2008 par-

62 2025 98 2067 tim
123 2022 196 2066 fontes
219 2024 357 2067 scientiarum
379 2035 488 2067 sacrarum
513 2021 694 2066 abundantissime
718 2031 829 2069 manantes

63 2097 236 2150 obstruerentur,
260 2095 468 2153 sicquetraditionis
485 2097 599 2139 continuae
615 2084 672 2138 filum
689 2095 832 2158 abscindere-

63 2177 110 2224 turq
127 2173 203 2228 partim
219 2170 307 2213 medium
325 2170 516 2227 simplicissimum,
539 2181 580 2224 quo
597 2170 749 2224 cogitationum
766 2184 829 2213 com-

63 2246 165 2287 mercium
182 2244 236 2287 adeo
254 2257 332 2297 suaueq
348 2256 376 2286 ne
394 2242 461 2285 dicam
477 2235 624 2286 necessarium
640 2243 695 2285 inter
711 2243 771 2286 viros
788 2256 829 2286 ec-

64 2318 198 2368 clesiasticos
216 2319 307 2360 omnium
324 2316 370 2359 fere
393 2321 496 2358 terrarum
517 2316 571 2357 inire
591 2316 730 2368 conceditur,
753 2317 770 2359 si
787 2330 830 2359 non

63 2391 127 2448 plane
143 2379 263 2448 praecisum
277 2381 370 2445 jaceret,
387 2395 446 2432 certe
464 2389 490 2431 ad
506 2389 645 2445 paucissimos
660 2391 779 2432 restrictum
792 2390 827 2433 de*

9 2470 12 2476 '
63 2464 180 2507 litesceret..
204 2464 286 2522 Lingua
302 2465 365 2519 igitur
381 2462 497 2505 vernacula
515 2467 609 2514 utantur,
632 2462 667 2518 qui
682 2461 830 2520 philosophiae

64 2538 180 2581 modernae
197 2538 275 2595 placita
293 2536 409 2595 explicant,
428 2537 461 2592 qui
478 2535 582 2592 physicae
600 2540 621 2576 et
638 2534 831 2580 chemiaeinrenta
864 2560 869 2581 5

65 2617 185 2667 exponunt,
203 2609 313 2653 historiam
330 2609 447 2653 naturalem
463 2598 568 2662 tractant„
587 2607 649 2664 leges
667 2609 742 2652 civiles
759 2610 831 2652 inter-

65 2691 189 2743 pretantur,
212 2685 284 2729 theses
301 2684 396 2727 medicas
414 2682 529 2726 defendunt
547 2688 598 2736 ete.;
621 2695 668 2725 nam
684 2682 745 2725 hisce
762 2679 830 2726 disci·
852 2717 855 2721 .
