1787 2921
783 103 871 150 ts'

48 218 154 261 graecae,
169 208 246 248 rarius
262 209 397 249 chaldaicae
411 219 480 248 usum
494 218 548 247 esse
562 209 660 256 factum,
675 207 759 246 eruditi
773 217 812 244 su-

48 263 174 312 spicantur.

100 311 121 350 5‘.
139 312 223 351 Versio
236 312 310 351 latina
324 324 343 351 s.
357 313 503 360 Hieronymi,
519 322 579 360 quae
593 310 674 348 nititur
687 309 812 347 traditione

48 365 77 401 ab
92 363 188 400 eruditis
202 364 298 401 Judaeis
312 363 525 411 palaestinensibus
539 363 643 409 accepta,
658 372 701 398 nec
714 371 761 397 non
776 370 812 396 ex-

48 413 124 452 amine
142 423 233 462 usuque
251 414 413 452 translationis
434 413 604 452 Alexandrinae
626 413 649 450 et
669 410 813 460 reliquarum
867 416 869 418 ’

47 466 118 505 trium
131 467 180 504 tum
194 465 306 515 temporis
320 467 460 507 exstantium
473 467 608 507 versionum
622 464 731 516 Aquilae,
746 463 813 513 Sym·

48 518 124 561 machi
139 521 161 559 et
175 519 340 559 Theodotionis
349 519 373 571 ¹).

91 573 122 612 o.
136 572 304 622 Antiquissima
318 573 451 613 versionum
460 574 607 614 arabicarum
617 572 811 618 immediatarruu,
871 564 874 567 “

50 626 78 665 de
91 625 177 674 quibus
191 626 249 664 solis
263 625 302 664 hic
316 637 393 665 sermo
408 638 461 665 esse
475 628 558 675 potest,
574 626 680 673 confecta
694 636 709 663 a
723 623 813 664 Saadia

50 678 124 724 Gaon,
138 677 213 726 primo
222 678 376 726 grammatico
390 677 511 724 hebraico,
526 678 566 726 qui
579 679 685 715 mortuus
700 679 737 714 est
750 686 812 713 anno

49 728 135 766 Christi
149 729 200 767 942.
215 729 379 777 complectitur
387 729 578 775 Pentateuchum,
593 728 679 766 lsaiam
689 729 712 764 et
720 726 812 773 dobum,

49 783 72 817 et
85 781 178 827 practer
191 780 340 817 traditionem
354 780 508 827 antiquiorem
522 780 624 817 continet
637 780 705 826 plura
719 777 813 826 proprio

49 832 123 869 marte
138 830 280 878 excogitata,
299 830 394 880 saepius
413 842 505 880 quoque
520 830 648 869 artificiosa
662 831 685 867 et
699 829 813 867 contorta.

101 882 134 920 lJe
148 893 193 921 usu
208 885 230 921 et
244 883 383 922 auctoritate
396 884 480 923 harum
494 883 629 923 versionum
643 883 767 932 sequentes
777 892 813 920 re·

50 936 118 987 gulae
132 937 292 976 observandae
306 939 372 977 sunt:

89 994 125 1037 a)
143 990 214 1030 Usum
231 991 341 1040 loquendi
359 990 493 1030 hebraicum
512 1002 525 1030 e
542 990 691 1030 versionibus
710 987 813 1037 antiquis

50 1043 186 1091 cogniturus
200 1045 254 1081 ante
268 1043 347 1081 omnia
360 1044 405 1081 has
419 1044 484 1092 ipsas
496 1044 568 1092 probe
576 1044 701 1092 intelligas,
716 1052 813 1080 necesse

50 1097 93 1133 est.
116 1095 176 1133 lluic
190 1097 268 1132 autem
281 1094 357 1132 labori
371 1095 521 1134 difficultates
535 1098 584 1133 tum
598 1096 700 1141 criticae,
714 1097 763 1132 tum
778 1104 815 1130 ex·

50 1146 153 1194 egeticae
167 1146 268 1184 obstant.
282 1146 437 1184 Difficultates

104 1201 126 1241 a)
141 1197 236 1234 criticae
246 1207 274 1234 ex
283 1197 418 1244 imperfecto
428 1199 505 1235 textus
514 1197 598 1234 harum
607 1196 742 1234 versionum
752 1196 816 1232 statu

50 1249 197 1296 promanant.
218 1247 305 1285 Omnium
324 1249 406 1286 maxime
424 1252 488 1286 textus
502 1248 598 1286 versionis
612 1247 754 1286 Alexandrinae
769 1256 816 1283 cor-

50 1304 115 1349 ruptus
131 1300 155 1337 ad
168 1310 204 1338 nos
218 1301 315 1349 pervenit,
334 1301 359 1338 ita
377 1305 398 1339 ut
417 1301 508 1340 subsidiis
523 1300 578 1339 nobis
593 1300 674 1340 servatis
688 1300 721 1338 vix
734 1308 816 1348 unquam

51 1354 167 1404 originariae
181 1354 258 1403 puritati
271 1354 345 1393 restitui
361 1366 420 1404 posse
438 1345 536 1403 videatur,
556 1356 580 1393 ad
599 1367 654 1404 quam
672 1358 734 1392 tamen
754 1352 818 1390 codex

50 1405 153 1445 Vaticanus
167 1408 254 1455 proxime
268 1407 362 1445 accedere
377 1408 499 1455 censerat).
520 1408 559 1447 Sed
574 1412 593 1445 et
609 1409 695 1456 reliquae
709 1407 818 1451 versiones,

51 1459 70 1496 in
84 1459 195 1508 polyglottis
209 1459 361 1496 Londiuensibus
377 1465 488 1506 contentae,
507 1461 562 1506 crisi,
582 1464 601 1496 et
618 1461 638 1496 in
656 1460 722 1507 speeie
736 1459 818 1506 repetita

51 1512 222 1558 manuscriptorum
237 1511 340 1547 collatione
354 1512 445 1559 indigeat.
464 1512 588 1548 Difficultates

104 1563 127 1607 β)
142 1561 273 1608 exegeticae
288 1572 314 1598 ex
332 1562 487 1600 insufliciente
504 1562 663 1599 subsidiorum
678 1559 818 1598 exstantium

52 1612 183 1650 conditione
197 1615 351 1660 errascnntur3
365 1624 408 1649 uam
423 1614 474 1660 quod
484 1614 555 1661 'attinet

105 1666 140 1709 acu]
154 1664 264 1701 versionem
279 1664 413 1714 Septuaginta,
431 1666 527 1712 subsidia,
547 1675 596 1713 quae
611 1664 678 1701 lexicis
693 1663 818 1712 suppeditan-

53 1719 89 1764 tur,
103 1716 182 1755 loturam
197 1715 253 1755 valde
261 1717 391 1767 imperfectam
401 1730 447 1768 prae
456 1730 478 1757 se
488 1718 561 1765 lerunt;
576 1718 644 1756 etenim
654 1716 786 1768 lexicographi
793 1715 818 1763 ³),

53 1781 100 1819 quas
115 1772 204 1809 notiones
219 1772 378 1820 expressionibus
393 1774 433 1811 suis
447 1784 485 1811 non
500 1783 544 1811 raro
554 1772 641 1810 obscuris
652 1772 748 1820 interpres
758 1782 819 1821 grae-

54 1885 244 1892 ————..

74 1953 92 1993 1)
103 1954 159 1985 Versio
174 1954 272 1986 Samaritana
286 1955 399 1995 Pentateuchi,
414 1965 457 1987 saec.
468 1955 493 1987 111.
509 1956 594 1987 christiano
610 1956 696 1996 antiquior,
712 1959 746 1984 orta
761 1959 786 1984 est
801 1963 821 1984 ex

106 2000 150 2025 textu
160 1995 236 2027 hebraico
248 1998 347 2027 samaritanis
359 1997 478 2029 characteribus
489 1999 555 2038 scripto,
568 2007 599 2038 qao
610 1997 685 2027 utebatur
696 2001 741 2026 secta
749 1995 821 2034 judaica.

106 2037 123 2067 ln
136 2037 166 2068 hac
177 2043 229 2068 autem
241 2039 316 2069 versione
327 2044 360 2069 turn
372 2036 452 2080 ἄκριβεία
462 2039 560 2071 ludaeorum
575 2038 726 2079 palaestinensiutn,
741 2043 773 2068 tum
785 2043 822 2068 stu-

107 2079 150 2112 dium
162 2081 233 2112 criticum
244 2081 261 2112 in
273 2081 384 2113 conservando
396 2086 440 2113 textu
451 2082 524 2123 originali
536 2081 640 2120 desideratur,
653 2085 669 2111 et
680 2083 741 2122 niagnis
751 2079 822 2112 difficul-

107 2122 164 2155 tathus
177 2123 246 2155 obnoxia
258 2129 287 2164 est,
298 2125 385 2166 praecipue
398 2126 434 2166 quia
446 2125 504 2156 desunt
512 2124 542 2156 alia
550 2130 652 2156 monumenta
664 2124 768 2164 Samaritana,
780 2134 821 2165 quae

107 2174 137 2197 nos
149 2176 193 2197 usum
205 2166 283 2209 loquendi
293 2168 341 2207 hujus
353 2168 418 2199 dialecti
429 2168 522 2199 edocerent.
534 2167 566 2200 Gfr.
577 2167 641 2198 Wiuer:
652 2166 677 2198 De
688 2169 767 2199 versionis
778 2167 822 2197 Pen-

108 2208 179 2239 tateuchi
190 2211 297 2240 samaritanae
308 2209 363 2240 indole
376 2211 464 2240 dissertatio
478 2210 634 2249 critico-exegetica.
645 2209 688 2249 Lips.
700 2210 747 2240 1817.

76 2250 94 2288 2)
105 2249 192 2288 Exemplar
203 2250 234 2280 hoc
246 2251 329 2281 exhibetur
340 2253 355 2281 iu
367 2252 438 2282 editione
452 2252 511 2281 Sixtina
526 2251 586 2281 Romae
598 2251 649 2288 1587,
665 2260 711 2290 quam
725 2252 767 2280 inter
782 2248 822 2279 alios

108 2291 162 2320 denuo
174 2292 283 2330 recognitam,
297 2293 417 2323 accuratissime
429 2302 521 2332 expressam
532 2301 564 2322 uua
576 2301 612 2321 curu
623 2292 700 2322 versione
711 2291 759 2321 latina
771 2289 822 2320 Cara-

108 2332 135 2402 {ac
147 2331 234 2378 Cardinalis
246 2333 355 2363 recudendam
367 2334 429 2364 curavit
438 2334 453 2364 J.
463 2333 482 2364 tt.
492 2335 546 2373 loger.
557 2333 622 2363 Parisiis
634 2332 724 2364 1839-44.
735 2332 745 2361 2
756 2330 794 2361 νοΙΙ.
806 2331 822 2360 iu

120 2382 171 2411 ‚maj¹
254 2402 256 2405 .

77 2412 95 2452 3)
106 2413 193 2445 Abrahami
205 2414 279 2446 Tromnu'i
291 2414 420 2446 Concordantiae
435 2424 504 2455 graecae
518 2416 597 2447 versionis
611 2415 661 2457 vulgo
673 2415 726 2445 dictae
739 2413 760 2442 lt)
771 2413 823 2443 iuter-

108 2462 176 2498 pretum.
191 2457 306 2490 Atustelodami
321 2463 337 2489 et
351 2456 392 2499 Traj.
403 2458 424 2489 ad
434 2458 507 2490 Rhenum
518 2458 566 2491 tris.
577 2459 587 2490 2
599 2458 637 2490 voll.
654 2459 670 2489 iu
682 2456 710 2488 rot.
726 2454 779 2497 (Opus
791 2455 824 2488 hoc

110 2501 181 2531 continet
193 2502 239 2532 ctiam
251 2511 301 2533 voces
312 2511 355 2532 vers.
366 2501 440 2543 Aquilae,
452 2502 543 2542 Synrnrachi
555 2508 571 2534 et
582 2502 695 2533 Theodotionis
702 2499 747 2538 juxta
755 2499 824 2541 hexapla

110 2542 135 2573 ed.
146 2542 264 2584 atoniacam.)
276 2544 290 2575 J.
302 2542 338 2575 oui.
350 2544 397 2575 Bielli
407 2544 462 2575 Novus
474 2544 557 2576 thesaurus
569 2545 676 2585 philologicos
688 2552 717 2573 seu
728 2542 799 2573 Lexicon
808 2543 824 2572 in

108 2584 149 2615 LXX
160 2591 176 2616 et
187 2585 227 2616 alios
238 2587 334 2625 interpretes
349 2592 366 2616 et
380 2588 467 2625 scriptores
481 2587 582 2626 apocryphos
597 2586 614 2615 V.
626 2585 643 2614 T.
655 2584 680 2615 ed.
692 2584 824 2614 hltitzenhecher.

108 2625 164 2666 llagae
176 2626 254 2657 Gontitum
266 2628 313 2658 1779,
325 2628 335 2658 3
346 2628 385 2658 voll.
396 2627 451 2658 Novus
463 2627 546 2657 thesauros
557 2626 733 2666 philologico-eritlcns
741 2636 769 2655 scu
777 2626 825 2655 Lexi-

110 2676 140 2696 cou
153 2669 168 2697 in
179 2667 218 2697 Lxx
231 2673 271 2706 etc,
288 2674 324 2707 post
337 2669 405 2699 Biclinm
420 2669 490 2702 etalios
502 2669 544 2698 viros
557 2668 615 2698 doctos
626 2667 676 2698 edidit
687 2673 704 2698 ct
716 2668 799 2707 congessit
811 2666 825 2696 J.

111 2708 128 2737 F,
140 2708 253 2739 Schleussncr.
265 2710 311 2740 1820.
323 2713 332 2741 5
345 2710 382 2741 voll.
394 2710 409 2740 8.
