1787 2921
248 696 623 784 Praefatio.

119 951 178 1030 Cum
199 968 240 1011 liae
261 969 315 1024 ipsat
331 947 408 1010 aetate
423 966 495 1024 plures
516 966 644 1009 eruditorum
667 965 819 1009 catholicorum

54 1037 139 1103 prodire
156 1041 248 1088 fecerint
265 1057 330 1100 opera
350 1043 520 1094 hermeneutic'a‚
545 1056 599 1098 quae
621 1043 686 1084 multa
704 1041 820 1098 >praeclare
888 1049 891 1056 ¹

54 1124 169 1174 praecepta
186 1117 249 1159 modo
267 1117 342 1172 cuique
358 1118 444 1172 proprio
462 1110 579 1167 continent
596 1117 670 1157 mirum
684 1104 754 1157 villeri
766 1128 820 1170 pos·
871 1125 873 1129 ⁴

55 1196 102 1243 set,
122 1187 200 1232 nouum
217 1188 323 1245 publicari
339 1188 399 1243 huJ'us
417 1190 503 1242 generis
520 1187 625 1240 libellum3
649 1193 683 1231 ast
700 1201 761 1243 quem
777 1199 821 1229 non

54 1262 119 1314 latet7
136 1264 157 1304 in
174 1262 215 1304 illis
232 1263 307 1317 partim
325 1274 368 1303 non
385 1260 494 1317 exhiberi,
511 1262 552 1302 nisi
570 1260 674 1302 elementa
691 1260 821 1302 hermeneu-

54 1337 111 1377 ticae
128 1334 216 1387 sacraej
239 1335 315 1390 partim
337 1335 496 1389 systematieum
519 1333 635 1376 desiderari
653 1334 765 1383 ordinem:
787 1333 821 1375 hic

55 1408 169 1451 editionem
186 1407 231 1449 fors
249 1398 360 1449 excusabit
377 1406 487 1463 opusculi,
510 1408 569 1462 quus
586 1411 661 1448 auctor
682 1406 717 1448 illa
736 1407 821 1448 incom-

55 1480 254 1534 muneremunere,
271 1482 345 1535 sicque
362 1479 389 1521 ad
404 1478 576 1522 hermeneuticae
592 1479 683 1522 biblicae
701 1479 821 1536 perfectio-

54 1567 115 1606 nem,
139 1559 160 1594 et
176 1558 256 1594 rectam
277 1553 333 1608 sacri
356 1550 441 1595 Codicis
463 1553 660 1608 interpretationem
677 1552 821 1604 lineasnon-

54 1627 123 1670 nullas
140 1626 219 1669 addere
236 1625 318 1668 studuit.
340 1625 400 1676 Quod
418 1638 458 1680 qua
475 1627 558 1667 ratione
576 1625 672 1677 ellectum
690 1628 730 1678 sitq
746 1628 820 1682 paucis
856 1659 859 1663 .

56 1705 156 1741 enarrare
171 1699 258 1753 Juvabit.
274 1698 335 1740 Initio
353 1699 400 1740 anni
419 1691 541 1741 scholastici
559 1697 628 1740 1833.
647 1698 672 1741 ab
684 1699 821 1755 Amplissimo

54 1772 81 1816 D.
98 1770 196 1829 Adelpho
218 1771 358 1829 lloppmannq
380 1777 423 1813 tum
445 1772 548 1828 temporis
569 1773 693 1829 praeposito
716 1786 764 1815 meo
786 1772 821 1815 di-

54 1845 111 1889 lecto
126 1846 173 1900 [cui
190 1845 246 1887 levis
264 1845 292 1887 sit
308 1844 437 1898 tumulusqq
456 1858 469 1887 e
487 1857 537 1886 cura
555 1846 670 1887 animarum
686 1846 740 1889 intra
758 1845 821 1888 clau-

55 1921 93 1963 stri
110 1925 171 1976 septa
187 1923 316 1972 revocatus7
340 1923 362 1960 ut
384 1918 445 1960 studii
467 1917 539 1961 biblici
556 1917 582 1960 N.
600 1918 624 1961 T.
642 1918 820 1975 lectorispartes

55 1993 136 2037 obirem
152 1993 174 2035 in
191 1992 285 2035 instituto
303 1990 367 2034 theol.
385 1991 502 2035 domestico
526 1989 635 2034 Canoniae
656 1991 764 2049 Teplenae
781 2006 821 2035 re-

55 2080 112 2110 cens.
124 2071 210 2118 erecto7
226 2066 249 2107 in
265 2064 444 2121 praelectionibus
461 2066 515 2107 meis
532 2078 583 2108 usus
601 2079 646 2108 sum
663 2060 820 2109 hermeneutica
879 2060 882 2065 ⁴

54 2140 131 2184 biblica
149 2154 161 2182 a
178 2137 213 2182 Gl.¹
226 2139 341 2182 Altmanno
358 2138 446 2194 Arigler
463 2139 527 2192 edita
545 2138 570 2181 ab
584 2140 667 2183 eximiis
679 2146 748 2182 antem
759 2142 820 2192 virisq

54 2214 92 2256 Dre
109 2212 208 2270 Adclpbo
225 2211 350 2270 lloppmann
366 2214 468 2270 primum,
492 2212 540 2255 dein
560 2213 597 2255 Dre
616 2214 748 2257 Wenceslao
771 2213 820 2256 Κο-
855 2212 858 2215 ⁴

55 2286 117 2330 zellia
134 2280 417 2343 scriptotenns'emendatm
440 2292 462 2328 et
481 2299 554 2330 usuum
577 2288 745 2330 academicorum
762 2288 821 2330 imli-
850 2340 852 2351 ,

56 2362 133 2417 gentiis
150 2362 218 2417 aptius
240 2360 406 2403 accommodata.
433 2359 574 2416 Quaecunque
594 2364 637 2417 jam
654 2376 694 2419 per
710 2363 819 2410 decursum

56 2433 173 2489 quindecim
190 2446 291 2476 annorum
310 2434 345 2476 aut
361 2435 382 2476 in
401 2432 458 2476 libris
473 2423 526 2489 Juris
544 2435 621 2490 publici
633 2435 705 2490 factis,
723 2442 758 2478 aut
768 2448 819 2492 pro-

54 2510 100 2566 pria
117 2507 268 2550 observatione
284 2521 336 2550 vera
353 2507 454 2562 utiliaque
471 2508 555 2561 inveniq
573 2509 647 2551 sedulo
665 2509 777 2563 adnotavi³
798 2515 820 2551 ut

16 2620 19 2624 ,
54 2580 100 2623 ficri
115 2579 179 2633 'soletq
197 2582 319 2637 inscriptis
337 2584 402 2632 meis„
420 2594 473 2637 quae
490 2581 538 2623 ideo
556 2584 668 2637 quotannis
685 2582 731 2625 fere
749 2582 819 2635 aliam

56 2660 77 2696 et
94 2645 176 2696 demum
193 2667 240 2696 eam
258 2653 347 2697 formam
364 2660 427 2696 nacta
450 2660 510 2706 sunt,
534 2668 594 2710 quam
618 2655 702 2699 libellus
724 2655 758 2698 hic
781 2670 819 2698 re-

54 2732 183 2785 praesentat.
217 2728 307 2771 Sincere
329 2730 393 2785 igitur
416 2740 484 2783 coque
506 2735 567 2783 grato
590 2728 660 2772 satem¹
680 2732 763 2784 animo,
786 2743 819 2772 me
