1765 2921
88 158 131 199 too

138 253 159 292 ὅ,
178 252 278 292 aliorum
296 251 366 291 etiam
383 248 568 289 hernrcrreuticae
585 248 744 298 subsidiorum
758 251 846 292 rectum

85 306 200 355 adjuvant
213 317 292 351 usum,
310 306 337 342 uti
350 309 371 348 a)
385 303 518 349 contextus,
536 314 555 339 v.
568 314 588 352 g.
602 299 671 341 Joann.
686 302 704 350 1,
718 302 737 339 9.
751 302 846 351 ἐρχόμενος

85 360 108 398 ad
122 361 172 406 φῶς,
186 370 225 396 non
240 358 263 396 ad
277 353 380 401 draconar
390 354 512 393 referendum
526 364 582 402 esse,
597 354 790 405 conjungendumque
805 366 846 396 curn

82 406 114 460 ἦν,
133 412 231 461 colligitur
244 421 281 447 non
296 412 365 445 tantum
380 420 391 445 e
405 411 496 445 contextu
513 409 611 447 remotiori
627 420 644 445 v.
660 408 701 453 tc,
719 407 755 446 sed
773 408 846 446 contir-

85 468 146 502 matur
161 465 216 501 etiam
231 474 241 500 e
255 462 303 499 locis
319 460 413 508 parallelis
427 459 499 501 Joann.
511 460 529 508 3,
546 460 576 498 19.
591 460 610 507 9,
624 459 656 498 39.
672 460 703 508 11,
716 459 749 500 27.
766 459 800 508 12,
813 460 845 500 46.

85 517 115 563 16,
130 517 162 555 28,
178 512 263 562 latr,
283 513 351 561 quihus
367 513 418 565 lucis
436 513 516 550 verbum
534 511 623 561 ἔρχεσθαι
636 524 675 551 non
694 513 756 551 solum
771 513 795 550 de
808 525 846 552 na-

83 570 166 615 tivitate,
185 567 220 604 sed
239 570 258 603 et
276 565 299 603 dc
318 564 394 614 publico
412 564 460 603 Jesu
476 567 527 603 inter
544 565 631 603 homines
650 565 726 614 proditu
739 565 845 604 adhibetur.

83 622 186 669 Praecipue
204 630 251 657 vero
270 618 317 656 locis
337 618 432 666 parallelis
451 618 568 656 illustrantur
586 622 687 656 contextus
705 618 809 656 historicus
828 623 847 656 et

83 675 147 711 variae
162 673 203 721 ejus
217 672 299 720 species,
313 675 333 708 et
345 671 389 707 hinc
402 671 447 708 inde
462 671 626 719 saltemopticus,
641 672 684 709 coll.
698 675 731 717 §§.
745 672 776 719 52.
792 669 832 716 53.;

138 727 160 771 h)
174 723 316 771 occasioni53
335 734 352 760 v.
367 735 385 773 g.
401 734 416 761 s.
430 724 506 761 hlarcus
522 724 539 771 1,
554 723 572 761 t.
588 724 642 761 dicit:
663 724 744 772 „Docuit
761 723 845 761 loannes

83 780 134 817 hunc
148 780 167 816 in
181 778 265 815 modurn:
284 776 339 813 Venit
352 775 420 814 fortior
434 788 464 814 mc
478 781 522 825 post
535 788 576 824 rne,
595 776 649 825 cujus
664 788 703 814 non
721 787 762 814 sum
777 776 845 826 dignus

83 831 210 881 procumbens
224 829 300 867 solvere
314 828 416 878 corrigiam
431 829 604 866 calceamentorum
618 830 682 878 eJ'us;“
697 840 716 866 v.
730 829 846 877 81111111-

85 885 122 934 git:
138 883 190 932 ,Ego
205 881 279 930 quidem
293 881 389 929 baptizavi
402 892 437 919 vos
452 893 512 930 aqua,
526 882 559 919 ille
573 893 620 919 vero
633 882 738 933 baptizabit
750 892 786 919 vos
801 881 846 930 Spi-

84 937 121 974 ritu
135 936 162 973 s.“
186 934 214 971 Ex
227 933 295 971 Joann.
311 933 329 980 1,
345 933 376 970 19.
391 933 492 981 discimus,
506 945 517 971 a
531 934 609 972 ludaeis
624 934 744 972 sacerdotum
758 945 781 971 ac
795 933 846 971 levi-

84 993 143 1026 tarum
157 986 248 1035 quosdam
265 987 365 1036 ablegatos
384 997 429 1024 esse
447 987 471 1024 ad
490 986 583 1024 Joannem
601 988 765 1036 interrogaturos,
782 990 846 1023 utrum

84 1043 125 1089 ipse
140 1044 192 1077 esset
204 1039 296 1087 Messias,
315 1050 339 1075 an
358 1038 405 1076 alius
425 1039 571 1088 expectandus?
590 1043 609 1077 et
622 1050 735 1088 responsum
749 1038 846 1087 Baptistae

84 1094 164 1143 legimus
182 1092 215 1129 lllr.
231 1092 248 1138 1,
263 1091 281 1128 7.
301 1090 346 1129 Cum
361 1095 423 1129 autern
441 1093 500 1142 legati
513 1094 606 1130 instarent
624 1092 721 1129 dicentes:
740 1090 778 1129 Gur
796 1101 845 1140 crgo

83 1145 183 1194 baptizas?
197 1145 283 1192 reposuit
297 1155 326 1191 ea,
341 1155 390 1192 quae
404 1154 420 1182 s.
434 1144 509 1182 hlarcus
526 1144 542 1192 1,
557 1144 576 1182 8.
590 1144 655 1183 refert.
670 1144 709 1182 Hic
721 1143 845 1194 Evangelista

82 1198 101 1249 h.
115 1197 138 1245 l.,
152 1201 173 1234 ut
186 1207 245 1245 saepe
259 1197 312 1244 alias,
326 1197 424 1235 brevitatis
439 1197 536 1235 studiosus
545 1208 659 1245 responsum
668 1196 747 1235 loannis
755 1196 776 1234 B.
787 1207 845 1245 prae-

83 1251 176 1288 termissis
193 1249 299 1299 legatorum
318 1250 463 1297 quaestionibus
480 1250 552 1287 retulit.
574 1249 611 1287 cfr.
628 1250 673 1288 Luc.
692 1248 711 1296 3,
727 1248 768 1294 15,
787 1259 845 1297 porro

82 1303 127 1340 Luc.
147 1301 169 1349 3,
188 1301 206 1338 7.
226 1313 267 1338 curn
285 1301 317 1338 Mt.
336 1300 358 1348 3,
376 1299 405 1347 7.;
423 1302 454 1339 llt.
470 1301 506 1349 24,
520 1301 552 1339 45,
567 1313 621 1350 seqq.
637 1313 679 1340 cum
693 1301 738 1338 Luc.
754 1301 789 1347 12,
803 1300 845 1346 41.;

84 1358 105 1400 c)
119 1354 229 1392 materiae
247 1354 392 1401 substratae,
410 1355 438 1391 uti
457 1354 501 1391 coll.
518 1355 549 1391 Mt.
564 1355 583 1401 8,
597 1355 629 1393 28.
644 1365 698 1402 seqq.
717 1364 759 1391 curn
777 1353 811 1390 ihr.
826 1354 845 1399 5,
878 1353 881 1361 “

83 1406 154 1445 2-10.
169 1411 188 1444 et
201 1406 246 1443 Luc.
260 1406 279 1453 8,
294 1404 379 1444 27-31.
400 1408 423 1453 d)
438 1406 529 1444 consilii
543 1406 670 1455 loquentis,
687 1417 705 1443 v.
720 1418 739 1456 g.
754 1405 798 1443 coll.
812 1404 845 1443 lllt.

84 1459 115 1505 12,
129 1458 161 1496 38.
181 1470 223 1496 curn
240 1458 285 1495 Luc.
302 1458 332 1505 11,
348 1458 379 1495 16.
393 1480 419 1486 -
436 1459 523 1507 Denique
543 1470 554 1496 e
572 1460 620 1497 locis
635 1458 735 1509 parallelis
754 1468 845 1494 nonnun-

73 1510 138 1559 'quam
152 1511 208 1547 ctiam
222 1510 364 1547 determinatur»

136 1562 157 1599 o.
171 1564 248 1599 utrum
261 1562 359 1610 loquens
374 1573 386 1599 c
400 1572 452 1608 sua,
466 1572 497 1599 an
511 1572 538 1599 ex
552 1561 651 1600 aliorum
660 1560 776 1600 sententia
785 1560 846 1598 dixe·

83 1613 120 1652 rit.
135 1613 161 1652 Si
174 1613 282 1651 nimirum
296 1615 393 1661 loquens
408 1624 454 1651 uon
468 1614 575 1652 obstante
584 1616 633 1652 tum
643 1613 781 1660 auditorum,
796 1614 845 1651 trini

84 1666 216 1703 occasionis
231 1665 365 1703 diversitate
380 1665 476 1703 eandem
490 1665 629 1704 sententiam
644 1667 779 1709 constanter
792 1675 845 1714 pro-

84 1718 169 1764 fitetur,
184 1727 251 1755 esua
265 1717 417 1766 persuasione
432 1717 517 1756 dixisse
532 1719 662 1756 censendus
676 1719 720 1764 est,
735 1717 845 1766 quianon

83 1768 225 1817 intelligitur,
240 1780 281 1806 cur
295 1769 410 1808 auditorio
423 1770 512 1807 mutato
526 1780 572 1807 non
581 1772 697 1808 mutasset
706 1769 845 1807 sententiam

82 1821 191 1870 propriae
211 1821 282 1858 urenti
297 1821 432 1859 adversam.
460 1821 486 1859 Si
505 1824 582 1860 autem
601 1822 653 1870 quis
672 1822 701 1860 de
719 1821 800 1859 cadem
818 1832 845 1859 re

82 1884 162 1911 coram
177 1872 276 1911 diversis
290 1873 436 1911 auditoribus
451 1873 542 1911 diverse
556 1874 668 1922 loquitur,
687 1873 786 1911 fundata
804 1873 844 1911 ad·

82 1927 118 1963 est
132 1924 243 1973 suspicio,
258 1935 311 1963 cum
324 1926 361 1963 vel
375 1925 447 1974 priori
460 1925 497 1963 vel
511 1926 587 1963 altera
595 1926 647 1964 vice
656 1936 703 1963 non
713 1936 725 1963 e
735 1936 787 1972 sua,
802 1924 844 1963 sed

82 1988 109 2014 ex
123 1976 222 2030 aliorum
236 1977 351 2015 sententia
369 1978 443 2015 verba
460 1977 553 2016 fecisse.
574 1977 611 2015 Gfr.
624 1987 643 2016 v;
657 1989 676 2028 g.
691 1977 760 2016 Christi
773 1977 845 2027 agendi

82 2033 102 2066 et
115 2028 205 2077 loquendi
219 2030 312 2067 rationem
325 2029 350 2067 de
364 2033 440 2067 etcum
454 2030 589 2068 daemoniacis.

425 2133 445 2182 p.
460 2129 498 2171 19.

290 2197 374 2236 Quomodo
386 2199 423 2230 loca
433 2198 512 2240 parallela
522 2199 638 2230 inveniantur?

135 2269 162 2309 ln
175 2270 318 2319 inveniendis
332 2273 391 2311 locis
405 2272 537 2322 parallelis,
551 2284 650 2322 quorum
664 2272 761 2322 copiosa
774 2273 844 2312 inter·

83 2322 143 2372 preti
157 2324 252 2372 praesto
266 2334 318 2361 csse
333 2324 401 2363 debet
414 2325 504 2373 notitia,
518 2326 618 2364 maximo
632 2325 738 2364 subsidio
752 2327 817 2364 sunt:

136 2375 156 2412 1.
171 2375 355 2414 concordantiae
369 2377 475 2424 biblicae,
490 2379 502 2414 i.
517 2389 534 2415 e.
549 2378 597 2425 libri,
613 2378 644 2425 qui
654 2389 670 2414 s.
681 2378 790 2426 Scripturae
799 2378 844 2415 loca

82 2426 178 2473 exhibent,
192 2427 212 2463 in
227 2427 294 2474 quibus
304 2438 362 2465 voces
372 2433 391 2465 et
404 2429 497 2466 formulae
509 2430 590 2467 eaedem
605 2434 718 2476 occurrunt,
732 2430 792 2468 ita'ut
805 2441 844 2467 uno

83 2478 148 2515 obtutu
162 2479 256 2526 cognosci
270 2482 289 2515 et
303 2479 385 2526 expendi
399 2483 473 2528 possint
481 2481 504 2526 ¹).

136 2530 157 2566 2.
171 2530 255 2568 Lexica
269 2529 355 2569 biblica
367 2532 417 2568 tum
430 2532 535 2572 verbalia
540 2532 567 2584 Ε),
580 2534 629 2571 turn
643 2532 717 2571 realia
722 2531 748 2582 ³).

105 2634 251 2715 {303prcospdaq1119tias
272 2640 368 2680 praecipuas
379 2641 506 2696 enumeravimus
518 2643 547 2680 §§.
558 2642 584 2672 42.
595 2642 622 2672 45.
631 2642 658 2673 48,

106 2717 124 2757 3)
136 2717 178 2760 luter
188 2718 239 2767 lexica
249 2721 288 2752 bibl.
298 2722 348 2753 realia
359 2724 419 2754 eminet
429 2722 468 2753 illud
478 2722 551 2762 Hetzelii,
562 2724 605 2755 aliud
617 2723 668 2755 Gerae
680 2735 689 2755 a
700 2725 772 2766 pluribus
780 2736 843 2768 conge-

137 2764 184 2797 stum,
194 2765 232 2790 rtem
241 2762 307 2801 Wineri,
318 2764 363 2803 cnjus
374 2766 421 2796 tertia
432 2764 479 2795 editio
491 2765 556 2805 prodire
568 2767 622 2806 coepit
632 2766 675 2807 Lips,
687 2767 733 2799 1816,
