1765 2921
426 258 446 307 r.
462 256 500 297 44.

270 337 287 371 0.
301 338 320 371 ln
332 338 448 384 commentariis
460 342 476 369 et
486 336 543 369 lexicis
554 336 660 369 rabbinorum.

135 434 239 470 Versiones
252 433 274 468 V.
288 434 308 469 F.
323 445 348 470 ex
362 439 415 480 parte
429 435 546 471 Judaeorum
565 435 681 471 eruditorum
700 426 802 471 subsecuta
816 436 847 468 est

82 485 204 535 grammatica
218 484 296 534 linguae
310 484 411 523 hebraicae
425 486 522 533 tractatio,
542 485 647 523 lexicorum
666 488 685 522 et
698 484 846 522 commentario-

82 549 124 577 rum
139 538 262 585 elucubratio,
277 542 297 576 et
310 540 395 578 meritum
415 539 460 578 facti
479 539 515 578 hac
533 540 552 578 in
570 552 592 579 re
610 540 658 579 initii
676 539 755 578 debetur
768 537 846 577 ludaeis

83 593 160 628 arabice
180 592 302 639 loquentibus
319 594 339 629 in
358 593 473 640 Babylonia,
493 594 583 640 Hispania
605 598 624 630 et
644 594 664 629 in
684 594 741 629 litore
761 591 846 628 Africae.

82 641 189 686 Primus,
203 642 243 688 qui
257 642 347 679 lexicon
360 644 474 680 conticere
487 642 596 688 tentavit,
614 645 665 679 erat
678 642 767 680 Saadia
780 642 847 678 Gaon

83 702 157 744 supra
173 692 295 742 laudatus,
314 694 346 744 qui
364 692 390 732 70
406 693 500 732 vocabula
518 693 624 732 difficiliora
642 693 751 745 congessit,
770 691 847 729 arabice

83 746 168 786 breviter
181 747 282 786 illustravit
296 752 371 786 etcum
385 748 489 787 talmudicis
503 748 587 787 contulit.
602 770 625 776 —
640 746 744 787 Primum
757 745 847 785 lexicon

84 800 185 847 plenum,
200 801 254 847 an'ns
268 803 414 847 manuscriptum
429 801 512 837 Berolini
526 804 643 845 asservatur,
657 800 758 837 confecit
770 799 848 837 Mena-

85 850 131 886 hcn
145 851 189 885 ben
204 851 282 887 Saruls
295 850 361 887 initio
375 861 437 886 saec.
451 850 501 895 vr„
520 851 574 896 qu'us
591 850 713 896 praecipuum
728 850 813 885 meritum
828 850 848 884 in

86 911 110 938 eo
125 900 223 948 consistit,
242 899 293 950 quod
308 901 407 952 congessit
424 905 443 938 et
456 911 516 950 penes
531 911 552 938 se
570 900 672 938 collocavit
684 900 769 947 radices,
788 900 814 937 ita
828 902 849 937 ut

86 954 174 1003 duarum,
193 956 248 993 trium
267 958 286 993 et
300 960 380 1004 quatuor
394 955 497 993 litterarum
514 954 589 993 radices
604 959 708 1002 separaret.
728 953 848 1004 Explicatio'-

84 1018 128 1044 nem
142 1013 204 1044 tamen
218 1011 281 1044 textus
295 1019 334 1045 non
347 1011 457 1055 promovet,
476 1008 510 1044 sed
528 1008 640 1056 plerumque
655 1019 665 1044 e
680 1012 771 1045 contextu
784 1018 848 1055 augu-

84 1062 137 1093 ratur
154 1062 187 1093 aut
205 1058 325 1093 divinandum
344 1059 385 1093 aliis
403 1058 498 1104 relinquit.
516 1079 541 1084 -
564 1058 642 1104 Longe
664 1059 702 1095 hic
724 1060 849 1104 superatur

86 1118 167 1158 opere,
182 1107 244 1157 qirod
258 1118 273 1145 a
286 1108 354 1146 rabbi
367 1107 429 1146 dona
442 1118 457 1145 a
470 1107 567 1146 ,ludaeis
582 1108 654 1155 dicto,
668 1109 705 1146 vel
718 1106 849 1146 Abulwalid

84 1162 130 1202 ben
144 1162 257 1202 Garinaoh
268 1159 337 1211 juxta
345 1173 429 1202 nomen
438 1160 490 1211 ejus
500 1161 628 1211 arabicum,
642 1161 731 1202 medico
741 1160 848 1213 hispano,

86 1216 172 1253 editum
187 1218 234 1262 est,
254 1218 277 1253 et
294 1227 307 1253 e
321 1227 367 1263 quo
381 1216 457 1253 serius
471 1215 558 1253 ilorcus
571 1216 662 1253 Kimchi
676 1216 777 1264 optimas
791 1225 849 1253 suas

86 1266 251 1313 explicationes
270 1266 389 1303 desunrsit.
409 1267 451 1302 Hoc
464 1267 484 1301 in
497 1267 560 1302 lexico
579 1271 725 1302 commemorata
740 1267 816 1312 quidem
830 1269 850 1301 et

85 1315 168 1352 adbibita
183 1320 213 1352 est
226 1316 334 1353 scholarum
345 1315 463 1364 Judaioarum
478 1316 572 1364 expositio
587 1328 598 1353 e
612 1315 713 1353 traditione
726 1316 803 1361 hausta3
818 1318 850 1352 at-

85 1371 149 1409 tamen
163 1373 230 1410 auctor
243 1368 304 1409 eidem
317 1381 356 1409 non
370 1369 495 1420 acquiescens
510 1380 547 1420 ope
566 1367 716 1409 Talmudicorum
735 1372 754 1409 et
767 1366 849 1408 Arabis-

86 1435 160 1461 morum
174 1425 255 1470 propriis
270 1424 440 1460 combinationibus
454 1423 542 1470 indulsit,
561 1435 618 1470 quum
636 1425 700 1472 lingua
717 1424 793 1461 arabica
807 1424 850 1471 ejus

86 1479 140 1510 esset
153 1475 261 1510 vernacula.
283 1474 444 1521 Expositiones
458 1474 533 1511 Judac
546 1475 591 1511 ben
604 1474 712 1518 Karisch,
727 1485 754 1511 ex
767 1474 850 1512 iisdem

85 1524 189 1561 fontibus
211 1525 310 1561 haustae
329 1526 351 1561 et
369 1523 393 1561 in
411 1526 515 1571 systema
536 1524 655 1570 redactae,
677 1523 782 1570 eJusdem
800 1524 850 1561 tere

88 1577 143 1617 sunt
156 1575 231 1628 pretii.
251 1575 353 1627 Uterque
367 1575 461 1616 arabice
476 1574 578 1628 scripsit,
592 1574 700 1617 hebraice
713 1586 769 1616 vero
782 1575 851 1617 rabbi

87 1631 183 1669 Salomo
201 1631 310 1669 Parchon
328 1635 382 1676 (ante
400 1643 467 1668 annum
486 1631 650 1679 1161110111).
671 1631 769 1669 Judicibus
787 1636 851 1669 tamen

88 1683 167 1718 eruditis
182 1692 262 1718 omnes
277 1682 342 1728 prius
356 1682 487 1718 nominatos
502 1683 570 1728 longe
587 1684 682 1729 superat
695 1682 763 1719 rabbi
776 1682 851 1719 David

85 1731 189 1777 Kimclri‚
208 1731 247 1779 qui
265 1731 327 1767 baruc
343 1741 411 1768 suam
429 1732 516 1767 famam
534 1733 589 1779 apto
607 1734 782 1768 antecessorum
796 1742 850 1768 sno-

86 1793 139 1824 rum
152 1794 206 1833 usu,
220 1782 344 1836 praecipue
357 1782 456 1834 illorum,
471 1782 511 1834 qui
525 1782 619 1824 arabice
632 1783 788 1837 scripserunt,
803 1794 851 1824 om·

87 1838 142 1877 irino
156 1841 265 1877 merctur.
829 1867 831 1871 .

141 1890 159 1927 Ε
174 1889 396 1927 commentatoribus
408 1890 512 1936 judaicis
526 1890 664 1937 expositioni
677 1890 772 1928 litterali
785 1901 852 1938 prae·

87 1939 154 1988 cipue
168 1950 263 1988 operam
277 1941 404 1976 navarent:
418 1941 506 1986 Jarclri,
520 1941 584 1976 Abori
598 1941 664 1985 Esra,
679 1940 777 1985 Kimebi‚
791 1941 851 1977 Tarr-

89 1992 158 2032 ohum
178 1991 412 2042 llierosolymitauus.
437 1991 501 2032 Jarchi
520 1993 605 2043 seqnitur
624 1992 744 2032 traditionem
761 1992 851 2031 talmudi-

90 2059 140 2093 cam3
153 2047 209 2085 Aben
221 2048 270 2085 Esra
284 2049 342 2093 multo
356 2049 417 2097 magis
432 2047 569 2095 independens
584 2059 595 2085 a
609 2047 730 2095 praejudiciis
745 2047 824 2085 liberior
833 2051 853 2085 et

88 2101 160 2134 rectius
172 2099 260 2144 judicans
274 2103 345 2135 textum
360 2099 451 2144 explicat;
470 2100 543 2135 Ilimohi
561 2110 598 2144 qua
616 2100 751 2146 grammaticus*
763 2103 782 2135 et
796 2111 852 2135 com-

88 2148 166 2195 pillator
184 2150 255 2193 peritus
274 2150 354 2192 eminet;
372 2149 468 2193 Tancbum
485 2148 652 2193 Hierosolymitani
666 2159 677 2183 e
691 2159 742 2184 saec.
756 2149 801 2184 Xlll.
816 2159 852 2184 su-

89 2203 156 2251 perest
169 2200 314 2251 manuscriptum
329 2200 440 2240 Oxoniense
454 2198 584 2239 commentarii
598 2199 669 2239 arabici
684 2200 704 2240 in
718 2201 789 2252 primos
803 2212 852 2253 pro-

30 2266 31 2269 ’
89 2255 164 2304 phetas,
178 2255 191 2291 i.
206 2267 223 2292 e.
236 2256 256 2292 in
269 2256 329 2294 libros
343 2256 451 2293 historicos.

142 2307 197 2342 Licet
215 2317 261 2342 vero
282 2318 340 2352 opera
359 2308 454 2343 nominata
468 2310 505 2342 tum
520 2306 618 2353 lexicalia,
637 2311 675 2355 tum
695 2308 795 2355 exegetica
813 2319 853 2344 uon

90 2358 141 2392 omni
156 2360 235 2391 careant
248 2357 308 2402 pretio
329 2357 352 2391 ad
370 2366 425 2390 usum
445 2356 534 2401 loquendi
552 2356 660 2392 hebraicum
680 2358 852 2393 determinandum:

89 2408 164 2448 definiri
178 2411 242 2447 tamen
256 2408 328 2457 nequit,
343 2417 391 2457 quae
406 2405 501 2445 traditioni
515 2405 608 2456 scholari,
624 2418 672 2458 quae
688 2408 768 2460 propriis
783 2412 853 2448 aucto-

90 2476 137 2512 rum
146 2463 213 2502 studiis
229 2467 248 2502 et
262 2462 342 2501 dialecto
358 2461 444 2500 arabicae
459 2463 478 2500 in
492 2463 575 2511 acceptis
590 2464 627 2501 siut
641 2463 752 2511 referenda,
769 2464 853 2514 ideoque

45 2528 47 2533 ’
90 2516 264 2569 potiussubsidiis,
279 2526 335 2561 quam
348 2514 431 2551 fontibus
446 2515 585 2551 adnumeranda
599 2520 648 2551 sunt.
