1765 2921
55 68 84 106 22

5 173 8 175 ’
57 168 134 207 meant
148 140 365 214 contradictionem,
379 166 469 214 hacque
482 163 572 202 ratione
585 163 622 202 vel
636 164 706 204 tacite
720 163 818 205 innuunt

55 221 92 257 vet
106 220 192 258 diserte
206 220 306 266 edicunt,
320 217 457 257 sententiam
471 227 539 254 suam
553 226 606 253 esse
619 217 688 255 tidem
701 218 772 256 totius
782 229 819 255 ec·
865 218 872 249 ὲ

56 270 148 316 clesiae.
873 302 879 312 .=

109 313 128 368 γ]
144 319 170 358 Si
184 320 289 370 pluribus
303 320 393 357 tantum
407 315 605 356 consentientibus
619 318 699 357 notum
714 320 761 368 est,
774 318 819 358 Pa·

56 376 105 415 tres
119 374 222 425 reliquos
236 372 328 414 nonnisi
342 372 401 412 ideo
408 371 484 420 silere,
499 369 554 421 quta
562 370 605 411 vel
619 371 719 412 deerat
712 385 734 424 rp
736 373 770 413 sis
782 385 819 413 oc·
866 376 880 426 if:

29 471 31 473 ‚
57 428 122 466 casio
141 429 209 466 fidem
228 439 308 465 suam
316 426 473 472 contestandi,
494 426 531 463 vel
550 425 616 472 quia·
612 386 734 473 -reliquisll
739 438 820 465 assen-

55 479 124 525 tium,
139 480 228 525 hocque
242 480 282 514 aut
296 488 404 525 expresse
418 480 459 523 aut
473 477 556 513 saltem
570 477 640 514 tacite
653 476 763 514 indicant.

77 540 79 543 ¹
112 532 133 575 o]
148 529 172 566 Si
187 538 267 566 omnes
281 528 319 565 vet
332 528 416 566 saltem
429 526 548 576 praecipui
562 527 646 566 Patres
664 529 705 566 aut
718 527 820 567 orientis

59 582 99 622 aut
114 580 245 622 Occidentis
263 579 421 630 consentiunt,
440 579 520 631 eisque
538 591 552 619 ιι
570 579 660 621 nemine
678 580 821 623 tlrthodoxo-

27 671 29 675 ,
59 648 110 675 rutn
125 636 297 675 contradicitur.
830 667 834 670 ι
866 638 883 686 j

112 692 130 732 ι)
145 688 171 725 Si
193 689 355 725 nonnullorum
373 688 469 724 Patrunr
488 680 677 723 consentientium
700 687 771 724 cli'ata
792 689 822 725 ab

59 738 158 776 ecclesia
152 738 331 830 Uprohahantur
344 738 381 774 vel
395 737 598 774 confirmabantur.
867 736 870 751 ³

113 788 272 838 actitandis
294 788 392 830 Patrurn
413 798 541 829 consensus
560 789 648 852 spectet
667 800 764 831 necesse
787 791 823 831 est
867 786 883 830 ſs

59 856 99 885 res
121 844 175 883 tidei
196 847 218 883 et
240 855 331 884 morum
354 843 550 890 Christianorum,
573 845 592 880 in
613 845 703 892 reliquis,
723 859 741 883 v.
762 858 782 895 g.
803 848 822 883 in
868 845 883 901 3}

60 898 118 934 rebus
133 896 228 944 physicis,
243 897 386 940 astronomicis,
401 895 537 954 philosophicis
552 899 589 931 etc.
604 896 669 942 „ipsos
683 896 748 933 Patres
762 908 840 934 uene-¹>
868 905 881 943 ,3

60 948 98 984 rari
113 947 200 994 quidem,
220 951 250 983 ast
263 947 355 994 religiose
370 950 389 980 et
403 943 451 980 κατὰ
464 942 515 979 πόδα
529 947 583 992 sequi
597 956 635 982 non
650 947 781 995 c‹›g1'1nur“¹).
802 947 822 984 ld
869 949 883 963 “

59 1000 120 1051 ipsum
136 998 218 1049 postulat
231 997 335 1036 Concilium
349 996 441 1045 trident,
456 997 498 1035 dum
514 996 592 1051 decreto
607 999 695 1047 superius
709 998 785 1039 laudato

113 1054 141 1099 B)
155 1052 265 1092 anrhitum
280 1063 360 1092 eorum
378 1051 492 1098 delinivit,
511 1048 571 1100 quae
589 1052 619 1090 ad
638 1053 701 1092 illam
718 1065 823 1093 normam
869 1056 883 1101 j}

60 1108 115 1144 sunt
129 1105 311 1152 interpretanda,
327 1106 402 1141 dicens:
423 1105 455 1151 „ln
469 1104 527 1140 rebus
542 1105 586 1141 fidei
600 1110 619 1140 et
633 1116 715 1147 morum
730 1107 753 1143 ud
768 1107 823 1143 aidi·
869 1102 875 1134 l

60 1157 167 1192 ficationem
186 1156 285 1191 doctrinae
304 1132 432 1191 christianae
438 1155 590 1201 pertinentium.“
617 1155 663 1191 Per
684 1156 824 1194 aedificatio·
871 1142 883 1204 fl

13 1252 15 1254 ,
60 1218 112 1247 nem
127 1217 169 1246 seu
183 1206 314 1246 aedilicium
328 1206 447 1246 doctrinae
461 1205 602 1255 christianae
616 1208 824 1248 noritanturndoc·
871 1202 880 1216 ’

61 1261 175 1301 trinarum
189 1260 369 1301 christianarum
383 1272 487 1308 summa,
502 1260 544 1299 sed
558 1263 580 1299 et
594 1272 673 1300 earum
688 1266 824 1311 argumenta

62 1325 91 1351 ac
105 1314 182 1351 fulcra
195 1314 359 1360 intelliguntur,
380 1313 457 1350 Rebus
475 1312 545 1359 igitur
561 1313 615 1349 fidei
633 1315 655 1350 ct
673 1325 774 1359 rnorurn,
794 1315 824 1352 ad

62 1364 246 1401 aedificationem
260 1363 378 1400 doctrinae
392 1363 534 1400 christianae
551 1363 725 1410 pertinentium,
744 1377 825 1404 accen·

62 1415 159 1454 sendum
180 1416 225 1463 est,
247 1414 357 1464 quidquid
378 1415 445 1453 salva
467 1413 624 1454 doctrinarum
646 1415 825 1456 christianarum
872 1439 883 1469 ,3

62 1480 166 1518 summa,
184 1469 258 1508 saltis
277 1480 358 1509 earum
374 1468 517 1518 argumentis
537 1480 565 1511 ac
583 1469 664 1508 fulcris
681 1471 718 1509 vel
732 1472 825 1510 creden.
872 1511 883 1525 Α

63 1523 117 1560 dum
130 1523 167 1560 vel
181 1522 296 1569 agendum
310 1522 489 1558 omittendumve
503 1524 657 1568 agnoscatur,
671 1533 768 1563 neccsse
782 1527 824 1561 est,
876 1535 883 1549 t

64 1573 96 1610 Sic
109 1585 127 1609 v.
142 1584 162 1621 g.
176 1573 200 1609 ad
213 1583 246 1609 res
260 1572 305 1608 fidei
319 1573 401 1618 pertinet
415 1573 510 1618 quaestio,
524 1582 568 1607 nutn
583 1572 657 1609 Christo
672 1573 743 1610 luerint
756 1574 827 1611 iratres
873 1584 883 1620 3

64 1627 84 1662 et
98 1634 250 1662 sororesscnsu
264 1623 353 1672 proprio,
372 1624 474 1671 strictiori,
495 1634 518 1660 an
537 1622 597 1660 solum
615 1624 730 1675 improprio,
748 1626 826 1665 latiori?
873 1625 882 1664 ἶ

64 1689 107 1717 nam
122 1678 139 1716 si
152 1679 232 1727 primurn
246 1681 347 1725 statueres,
362 1675 471 1716 laederetur
485 1677 570 1716 doctrina
580 1678 681 1727 ecclesiae,
696 1679 772 1718 lllariatn
783 1686 827 1730 post
874 1669 881 1717 l

63 1732 248 1779 partum‘virginem
266 1730 373 1767 inviolatam
394 1731 527 1777 permansisse.
542 1752 568 1757 —
586 1730 604 1767 E
619 1732 714 1769 concilii
733 1733 827 1771 Triden-
874 1738 880 1781 ζ

63 1781 105 1819 tini
118 1783 194 1818 mente
208 1791 263 1829 ergo
274 1780 304 1818 ad
313 1780 376 1824 illam
386 1782 493 1818 normam
500 1780 673 1828 interpretanda
684 1786 738 1820 sunt
746 1785 827 1821 ‘omnia

65 1843 85 1870 s.
100 1831 235 1884 Scripturae
249 1831 308 1879 loca,
323 1842 420 1881 quorum
435 1833 596 1882 argumentum
611 1844 663 1871 cunr
677 1834 782 1874 doctrina
792 1847 827 1874 ec·
874 1831 882 1875 {2

65 1885 151 1925 clesiae
165 1885 206 1925 tali
220 1885 244 1925 in
261 1897 320 1925 nexu
339 1888 375 1925 cst
392 1885 505 1936 positum,
524 1887 549 1924 ut
567 1885 614 1926 illis
633 1890 714 1927 contra
732 1901 843 1929 sensum

65 1939 179 1986 ecclesiae
197 1938 319 1976 intellectis
338 1940 422 1986 dogma
441 1939 556 1985 quoddam
574 1940 610 1976 vel
629 1940 760 1979 immediate
770 1944 827 1979 suh·
858 1967 860 1972 -
875 1945 881 1973 ῑὶ

64 1983 204 2035 verteretur,
219 1990 256 2026 vel
270 1989 352 2026 saltem
367 1989 509 2036 argumentis
523 2000 552 2026 ac
565 1990 647 2027 tuteris
661 1991 711 2028 suis
726 2003 753 2039 pr
754 2003 827 2030 tvare
875 1988 879 1993 '

64 2042 109 2077 tur.
130 2040 193 2077 Sicv.
207 2052 227 2091 g.
240 2040 282 2078 loca
297 2039 364 2077 loann
379 2039 410 2088 14,
425 2039 457 2078 28.
474 2040 534 2077 lllarci
548 2039 580 2087 13,
595 2039 627 2078 32
642 2041 665 2078 ad
678 2042 728 2080 illam
742 2054 827 2082 normam

65 2093 207 2143 interpretanda
221 2098 276 2146 sunt,
295 2094 337 2144 quia
355 2093 393 2133 illis
411 2103 509 2145 perperam
528 2069 631 2134 intellectis
649 2094 717 2147 dogna
728 2097 827 2138 ecclesiae
876 2106 883 2123 2

65 2147 90 2184 de
105 2147 167 2184 divina
182 2140 266 2184 natura'
261 2160 281 2184 ιιι
294 2148 341 2185 Jesu
359 2148 434 2184 Christo
454 2159 496 2185 curn
515 2148 596 2196 humana
615 2149 715 2196 conjuncta
730 2153 828 2197 periclita-
876 2147 883 2190 ζ

65 2203 124 2234 retur.
139 2198 159 2234 Si
173 2195 235 2234 illas.
250 2199 367 2245 Scripturae
373 2198 422 2242 loca,
437 2199 469 2234 ubi
484 2199 576 2234 unanimis
590 2209 616 2235 ss.
631 2200 704 2236 Patrurn
720 2213 827 2250 consensus
876 2197 883 2211 ¹

64 2249 159 2295 laticina,
174 2240 259 2296 symbola
273 2253 304 2286 aut
313 2253 374 2299 typos
388 2250 496 2286 messianos
511 2250 613 2292 contineri
619 2252 691 2300 statuit
705 2246 771 2290 contra
780 2265 828 2291 nor·

65 2310 114 2342 marn
129 2300 241 2340 catholicam
255 2306 407 2353 exponerentur,
422 2302 520 2341 doctrinae
532 2303 627 2353 ¹quaedam
643 2303 767 2353 christianae,
783 2307 829 2346 licet

32 2364 34 2367 '
66 2368 104 2393 non
122 2355 230 2393 immediate
248 2359 380 2394 subverterer
378 2369 417 2403 ur,
435 2361 498 2393 tamen
516 2356 642 2395 fundamentis
662 2360 703 2394 suis
721 2370 743 2395 ae
761 2360 828 2398 fulcris

49 2407 232 2454 'privarentur—
247 2406 349 2443 Concilium
364 2418 421 2453 porro
877 2412 880 2424 ²

120 2456 145 2502 O)
162 2457 277 2495 rationem
294 2457 379 2503 reddit,
399 2469 440 2495 cur
457 2468 503 2496 non
521 2458 615 2497 liceat
608 2469 632 2495 ιιι
650 2459 720 2497 rebus
738 2460 791 2504 tidei
806 2463 829 2500 et
880 2476 881 2479 ¹

31 2544 33 2550 .
67 2519 156 2550 morum
175 2509 360 2564 Ghristianornm
378 2520 397 2549 s.
416 2509 559 2562 Scripturam
579 2513 660 2551 contra
678 2525 773 2554 sensum
793 2528 829 2556 ec·

88 2678 106 2717 1)
118 2677 210 2709 dictatorius
222 2679 242 2710 dc
253 2681 352 2721 ingeniorum
365 2680 501 2711 moderationem
514 2685 568 2721 negot
580 2680 625 2722 relig.
638 2681 646 2711 l.
658 2682 670 2712 l.
682 2691 695 2714 e.
707 2681 734 2714 21.
777 2694 780 2698 ·
