1787 2921
707 100 713 105 -
754 72 796 112 let

40 201 42 205 .
84 167 106 207 3.
119 166 195 216 Libri,
209 169 249 219 qul
263 169 393 210 doctrinam
406 172 454 210 turn
466 170 638 220 dogmaticam,
656 172 705 208 tum
719 181 796 209 mora-

32 225 76 266 lem
96 222 210 271 tractant,
231 224 316 272 quique
335 224 366 262 ad
385 225 495 273 dogmata
515 226 565 262 tum
585 223 724 271 theoretica,
745 225 796 262 tum
840 227 842 230 ⁴

33 273 136 329 practica
149 276 323 324 comprobanda
332 277 425 327 singula
434 278 483 316 fere
494 277 615 325 utriusque
624 276 725 315 foederis
734 277 795 323 loca,

32 339 75 369 nec
92 336 139 365 non
157 338 190 365 ss.
208 327 306 367 Patrum
324 330 467 368 unanimium
487 332 509 368 et
528 329 678 368 conciliorum
700 340 795 378 genera-

33 381 88 421 lium
102 378 174 418 ellata
187 384 371 430 prosequuntur,
389 385 411 420 et
424 383 476 421 ideo
490 382 590 421 maximo
605 393 657 420 cnm
672 382 750 419 fructu
764 382 794 419 ab
822 388 824 390 ·

33 433 157 481 interprete
171 433 325 472 consuluntur
332 433 356 484 ¹).
371 457 394 462 —
408 435 449 472 Nec
463 435 571 485 spernenda
586 439 635 482 sunt,
651 446 700 483 quae

84 483 106 521 4.
125 487 319 524 commentatores
337 486 416 525 biblici
434 488 496 526 hunc
513 488 537 527 in
556 489 625 527 [inem
640 486 794 537 suppeditant.

32 559 57 568 -
70 535 162 587 Astcum
176 539 272 575 nominata
286 538 372 576 subsidia
385 541 505 588 partimnon
517 542 586 590 cuique
596 545 615 578 et
624 552 700 588 semper
710 543 794 588 praesto,

32 589 109 641 partim,
128 594 149 627 ut
162 589 198 627 alia
213 601 271 639 opera
286 590 376 637 humana,
393 602 433 629 non
447 593 533 630 omnibns
547 594 630 631 nutrieris
645 593 693 630 adeo
708 592 795 629 absoluta

32 643 79 688 sint,
93 643 256 691 utposteriorum
270 644 322 680 euris
336 643 407 680 nullum
421 645 500 693 amplius
514 646 637 694 reliquissent
650 645 745 682 laborem:
764 644 795 681 in-

31 699 106 744 terpres

87 746 108 784 5.
122 746 240 795 propriam
254 758 287 785 ss.
302 746 414 786 librorum
428 747 557 795 lectionem,
571 759 642 797 quam
650 748 735 793 vocant
744 758 794 785 cur-

33 798 131 845 soriam,
146 798 229 847 addat,
243 801 341 848 oportet.
362 800 429 837 Lectio
443 811 490 838 vero
505 802 553 838 haec
568 803 590 846 a}
605 812 647 837 eum
661 801 680 837 in
694 800 749 837 finem
763 800 795 836 in-

33 852 126 898 stituatur,
141 856 162 889 ut
175 858 307 901 argumentum
320 864 358 890 non
373 856 444 890 tantum
454 854 572 904 singulorum
583 853 680 898 librorum,
695 852 796 889 sedetiam

33 903 151 953 singulorum
164 904 251 942 locorum
264 906 359 953 interpres
374 905 410 942 sibi
424 905 515 943 familiare
529 905 607 951 reddat;
625 906 647 950 b)
661 906 686 942 ita
701 905 795 950 decurrat,

31 961 53 994 nt
66 957 161 1005 interpres
175 968 214 994 non
228 959 294 1005 quavis
309 957 419 995 difficultate
437 958 556 1007 expedienda
576 959 691 1004 detineatur,
711 956 745 994 sed
763 968 795 994 cas

31 1010 83 1058 ipsas
97 1012 169 1046 tantum
183 1009 275 1059 detegere
290 1014 379 1057 conetur,
395 1021 452 1058 quas,
471 1022 495 1048 ne
509 1011 600 1048 oblivioni
614 1010 677 1047 denno
691 1009 795 1055 tradantur,

33 1062 110 1099 chartae
124 1061 206 1108 mandet,
220 1062 328 1109 videatque,
343 1073 387 1099 num
401 1062 451 1100 forte
465 1064 549 1100 inveniat
562 1064 610 1109 loca,
625 1074 674 1111 quae
689 1062 795 1110 hujusmodi

33 1112 175 1150 difficultatibus
190 1115 251 1151 lucem
266 1113 369 1162 affundent,
383 1114 402 1151 id
417 1116 468 1162 quod
482 1115 505 1153 ob
520 1116 618 1153 maximam
632 1115 723 1152 librorum
738 1114 795 1151 bibli-

33 1176 98 1214 corum
112 1165 222 1204 affinitatem
236 1166 348 1214 frequenter
361 1167 460 1217 contingit.
483 1193 485 1196 .

377 1296 398 1346 ἕ.
413 1293 451 1336 60.

176 1362 252 1395 Cautelae
263 1365 279 1395 in
291 1365 365 1396 locorum
378 1363 493 1405 parallelorum
503 1374 534 1394 usu
545 1363 651 1395 adhibendae.

86 1450 113 1489 ln
126 1462 172 1489 usu
185 1451 290 1489 locorum
304 1452 470 1499 parallelorum
488 1450 587 1489 maxime
606 1451 734 1489 cavendnm
748 1451 796 1488 est:

87 1503 108 1541 l.
121 1503 154 1541 Ne
167 1503 220 1541 loca
233 1504 347 1552 parallela
361 1504 502 1550 habeantur,
522 1514 581 1551 qnae
598 1503 655 1541 talia
673 1513 720 1540 non
734 1505 795 1540 sunt.

32 1555 110 1594 Probe
123 1555 232 1593 nimirum
247 1555 410 1603 distinguenda
427 1557 482 1593 sunt
496 1567 510 1593 a
524 1556 582 1593 locis
600 1554 718 1604 parallelis
733 1553 796 1592 simi-

12 1636 17 1640 ·
33 1608 78 1655 lia,
92 1618 152 1656 quae
165 1618 213 1646 non
226 1608 334 1646 obstante
348 1608 448 1657 plurium
463 1607 625 1654 adjunctorum
639 1606 796 1653 similitudine,

34 1662 75 1698 ant
93 1659 250 1698 assertionum
268 1660 413 1708 congruitate
431 1660 455 1697 in
473 1660 578 1709 pluribus
597 1662 674 1697 tamen
691 1659 796 1708 partibus
855 1694 858 1696 ,

34 1712 143 1761 specifice
157 1711 278 1758 differunt,
293 1714 316 1749 et
329 1712 396 1760 proin
410 1712 563 1761 aequiparata
577 1723 624 1749 non
637 1713 736 1760 possunt
750 1722 796 1748 non

3 1774 4 1780 ¹
35 1764 136 1809 efficere,
150 1765 176 1801 nt
189 1764 252 1801 falsa
266 1766 393 1802 enascatur
401 1764 569 1813 interpretatio,
582 1764 620 1801 vel
630 1764 715 1801 diversi
724 1762 796 1811 scrip·

34 1818 99 1854 tores
117 1816 162 1854 sibi
180 1826 311 1864 repugnare
328 1816 458 1854 videantur.
479 1817 510 1854 Sic
526 1829 542 1853 v.
557 1816 649 1866 g.p1·obe
664 1815 797 1864 distinguenda

36 1872 66 1905 est
78 1868 143 1905 unctio
157 1867 205 1905 Jesu
219 1879 230 1905 a
244 1868 323 1905 muliere
338 1872 424 1916 peracta,
444 1879 492 1916 (puae
511 1872 552 1905 erat
569 1869 588 1905 in
606 1869 681 1904 civitate
699 1868 797 1915 peccatrix

36 1919 80 1957 coll.
93 1920 139 1956 Luc.
153 1918 173 1967 7,
187 1919 219 1957 37.
234 1931 299 1968 sequ,
319 1920 342 1957 ab
361 1921 452 1958 unctione
465 1920 548 1966 alariae,
567 1921 640 1957 sororis
653 1919 729 1965 Lazari,
749 1929 798 1967 quae

34 1971 104 2008 loann.
119 1971 151 2018 12,
167 1971 225 2009 1—8.
243 1972 336 2019 retertur,
355 1972 397 2009 cum
415 1984 454 2009 non
472 1973 529 2010 modo
548 1972 648 2008 diversitas
667 1971 756 2019 temporis
776 1981 798 2007 ac

34 2024 84 2070 loci,
103 2024 138 2061 sed
157 2024 213 2060 etiam
231 2035 356 2071 personarum
376 2036 398 2061 ac
416 2025 497 2071 plurium
515 2023 646 2072 adjunctorum
665 2023 719 2060 adsit.
747 2022 798 2059 idem

35 2076 86 2113 valet
105 2075 129 2113 de
145 2076 236 2124 parabola
254 2076 333 2123 11125,
349 2075 441 2113 14-30.
457 2080 476 2113 ct
488 2076 533 2113 an.
549 2075 579 2122 19,
595 2075 687 2114 12-27.
707 2076 761 2119 Quod
780 2077 799 2112 in

37 2128 104 2176 specie
117 2128 255 2165 vocabulorum
270 2139 292 2165 ac
306 2128 435 2175 formularum,
449 2139 507 2176 porro
522 2127 665 2176 proverbiorum
678 2128 799 2165 collationem

36 2181 109 2226 attinet,
123 2180 142 2216 in
155 2180 192 2216 hac
205 2190 244 2225 non
255 2183 326 2217 tantum
335 2180 408 2217 formae
417 2191 486 2218 vocum
497 2192 519 2217 ac
529 2180 683 2226 constructionis,
698 2180 732 2217 sed
743 2180 797 2216 etiam

36 2235 139 2269 contextus
153 2232 202 2269 ratio
216 2231 303 2269 habenda
318 2236 357 2280 est,
371 2232 522 2280 videndumque,
536 2242 579 2268 sslttn
594 2232 642 2269 haec
657 2233 718 2268 carnia
732 2231 798 2267 eadem

9 2303 11 2306 ⁴
36 2284 84 2330 sint,
104 2294 140 2320 nec
154 2294 189 2329 ue3
209 2284 278 2320 etenim
293 2285 372 2332 quaevis
386 2285 494 2322 essentialis
513 2283 614 2331 disparitas
628 2284 664 2320 hac
678 2285 696 2319 in
710 2294 731 2319 re
746 2283 799 2319 ohti-

36 2346 86 2373 nens
104 2336 143 2373 loci
161 2335 247 2383 paralleli
265 2338 362 2373 notionem
377 2337 431 2374 tollit.
452 2336 530 2373 Erraret
544 2347 602 2383 ergo,
622 2337 653 2383 qni
667 2347 684 2371 r.
699 2347 717 2384 g.
732 2345 800 2371 vocem

36 2389 98 2428 nicta·
111 2387 165 2424 Rom.
179 2386 198 2434 3,
213 2388 245 2425 28.
259 2387 308 2425 idern
324 2388 433 2438 significare
443 2388 537 2434 crederet,
552 2386 801 2436 qrrodJac.2,14.seqq.;

36 2440 68 2476 vel
86 2440 118 2487 qui
137 2439 250 2477 vocabulum
270 2438 318 2488 ζύμη
336 2440 367 2477 llll.
387 2439 417 2487 13,
433 2439 464 2477 33.
480 2439 511 2487 16,
525 2440 544 2477 8.
563 2440 576 2476 l.
592 2439 634 2476 Cor.
652 2439 670 2483 5,
685 2439 702 2474 a.
722 2442 741 2474 et
761 2438 801 2476 Gal.

37 2492 56 2539 5,
71 2491 100 2539 9.,
119 2495 152 2528 aut
169 2491 302 2540 proverbium:
319 2492 363 2530 Non
382 2496 413 2529 est
430 2492 534 2540 discipulus
553 2501 611 2538 super
629 2490 741 2538 magistrum
755 2490 801 2527 Luc.

37 2590 229 2598 ———-

59 2644 78 2686 1)
90 2644 114 2676 Ob
126 2649 181 2684 aptum
191 2650 262 2676 textuum
273 2645 329 2676 horum
341 2645 436 2676 bibliccrum
451 2643 529 2674 selectum
544 2643 631 2683 praecipue
647 2645 757 2675 commendari
767 2654 803 2675 me-

90 2691 154 2718 rentur:
164 2686 283 2719 Praelectiones
294 2687 397 2729 theologicae
408 2686 473 2718 loannis
484 2684 561 2717 Perrone.
