1787 2921
777 119 803 156 51

42 214 141 266 ginalcm
156 209 300 252 declarasset
314 213 483 261 authenticam3
501 213 552 261 atqui
566 216 652 250 neutrum
667 214 729 253 locun
743 216 807 262 habet,

42 278 105 328 ergo
104 270 140 303 etc

95 318 257 358 hGoncilium
271 319 333 364 Trid.
347 319 479 357 versionem
488 318 613 367 Vulgatam
627 329 674 356 non
688 319 807 366 strictiori,

42 371 83 412 sed
97 325 174 409 latiori
188 373 278 410 tantum
292 382 364 410 sensu
378 371 506 422 declaravit
516 370 700 416 authenticam,
695 384 707 409 1.
718 374 807 418 etalem,

10 468 11 472 J
36 424 181 475 ,quaenonah
196 424 335 472 omniquidem
354 424 448 462 mendo'
443 426 540 471 rmnruttis,
560 424 612 462 nullo
632 427 694 461 tamen
714 425 808 473 ejusmodi

43 487 108 516 errore
122 480 179 523 esset,
192 475 303 522 defoedata,
323 487 360 524 quo
377 477 397 513 in
411 476 544 514 essentialibus
561 488 588 514 ss.
603 481 700 514 auctorum
715 479 808 515 sententia

42 532 67 569 ita
81 532 229 577 perverteretur,
243 532 264 566 ut
277 529 405 577 perniciosum
420 528 496 576 aliquod
515 529 584 579 dogma
598 529 642 566 inde
657 529 722 579 colligi
736 534 809 578 posset.

45 580 98 626 Quod
113 580 212 632 manifeste
227 581 306 619 docent:
575 602 582 607 -

78 652 79 655 ¹
95 636 118 679 a)
132 632 299 671 Pallavicinius
315 630 415 677 dicens¹):
432 631 490 679 ,Num
504 632 553 669 fone
567 632 678 678 inficiamur,
691 634 710 670 in
725 635 814 672 editione·

43 686 122 734 Vulgata
137 686 194 722 multa
209 684 253 723 es'se
268 685 366 734 ambigua,
385 685 467 721 obscura
485 682 553 730 multa,
573 685 640 732 quihus
659 686 691 722 lux
709 685 810 723 affunditur

44 738 129 777 abibliis
144 739 247 798 primorum
262 713 386 774 idiomatum?
406 736 474 773 Nonne
492 737 567 774 illorum
587 748 623 785 cpe
642 738 729 777 catholici
746 739 808 776 inter-

45 794 106 841 pretes
126 791 196 839 passim
215 789 307 826 utuntur?
327 788 394 825 Nonne
412 787 431 824 id
451 789 515 825 etiam
512 790 606 837 proxime
625 793 668 834 post
682 790 757 826 concilii
772 790 809 827 de-

45 846 115 881 cretum
130 845 220 892 egerunt,
240 841 285 901 quin
304 844 323 878 et
340 841 402 877 adhuc
422 840 536 889 perdurante
555 840 652 877 concilio?
675 840 729 884 Quod
747 843 809 891 palam

45 896 98 941 iacit,
117 894 136 931 id
155 906 193 932 non
212 894 283 942 opponi
304 893 409 930 sententiae
427 892 514 929 Patrum
521 892 691 930 Tridentinorum²
712 915 737 922 -
757 895 809 932 idem

45 923 148 986 οοιι1ἰ1ιιιιι,

98 1000 124 1044 b).
133 998 205 1046 Vega,
219 998 343 1045 theologus
357 996 457 1043 aoncilii,
472 996 512 1045 qui
526 997 658 1035 Cardinalis
672 1009 718 1036 as
728 999 809 1045 Cruce,

45 1053 126 1101 postea
140 1051 184 1089 suh
201 1050 304 1087 illarcelli
318 1049 345 1086 ll
364 1049 455 1087 nomine
473 1050 594 1088 Pontilicis
613 1050 723 1098 Romani,
743 1051 810 1090 lami-

45 1103 145 1142 liaritate
159 1104 210 1140 erat
223 1113 298 1149 usus,
304 1103 326 1138 et
340 1102 398 1138 haec
412 1101 484 1138 weron
489 1100 518 1151 ·)ι
544 1103 577 1151 ,JS
576 1103 643 1139 nodus
658 1115 697 1140 non
711 1103 809 1152 adproba-

46 1158 71 1193 vit
85 1155 162 1216 rnenda,
182 1165 231 1203 quae
246 1155 351 1203 linguarum
366 1154 421 1201 periti
436 1154 473 1189 et
468 1165 487 1190 ιιι
501 1164 527 1190 se.
542 1115 609 1200 litteris
627 1155 749 1192 mediocriter
761 1168 809 1193 r-er

45 1208 99 1245 sati'
94 1220 113 1245 m
127 1218 150 1244 ea
165 1206 309 1254 deprehendunt
323 1227 347 1233 *
362 1227 387 1232 —
403 1228 427 1232 --
442 1209 498 1254 atque
513 1211 591 1244 eatenus
610 1207 670 1244 voluit
684 1208 809 1245 authenticam

44 1260 116 1306 haberi,
131 1263 151 1296 ut
165 1263 235 1296 certum
251 1258 338 1295 omnibus
352 1261 411 1304 esset,
425 1258 476 1294 nullo
491 1269 533 1295 eant
548 1258 667 1297 defoedatam
682 1271 726 1297 csse
737 1271 809 1306 errore,

45 1325 70 1350 ex
84 1323 121 1360 quo
136 1312 264 1360 perniciosum
278 1310 354 1357 aliquod
373 1310 442 1360 dogma
460 1312 479 1347 iu
498 1310 535 1348 fide
554 1314 574 1349 et
587 1311 670 1349 moribus
686 1317 753 1360 posset
767 1313 810 1351 col-

44 1364 85 1414 ligi,
99 1368 156 1412 atque
169 1364 214 1400 ideo
229 1363 303 1411 adJ'eeit,
317 1373 342 1399 ne
357 1363 399 1410 quis
412 1363 464 1399 illam
479 1365 546 1411 quovis
561 1368 661 1411 praetextu
675 1366 757 1413 rejicere
774 1377 811 1402 au-

46 1417 106 1454 deret.
120 1438 146 1444 ·-
161 1438 185 1443 —
204 1415 228 1452 Et
241 1426 265 1452 ne
280 1414 354 1451 dubites
369 1414 446 1461 dehis,
464 1415 564 1452 verissime
582 1427 659 1464 possum
678 1418 710 1454 tihi
725 1418 811 1468 allegare

45 1479 80 1518 pro
94 1468 123 1505 his
138 1469 273 1515 amplissimum
287 1471 307 1503 ct
324 1466 510 1504 observantissimum
525 1479 540 1504 s.
555 1468 621 1505 Crucis
639 1469 768 1516 Cardinalem,
787 1470 812 1506 de

46 1522 116 1581 pietate
129 1523 149 1556 et
163 1520 186 1556 de
200 1520 267 1556 litteris
281 1523 300 1555 et
314 1518 380 1555 studiis
396 1519 481 1555 omnihus
496 1521 565 1567 optime
579 1518 671 1567 meritum,
686 1523 718 1569 qui
731 1522 812 1559 illisos-

47 1573 96 1610 sioni
111 1576 130 1609 et
143 1571 185 1608 aliis
200 1571 291 1618 omnibus
301 1570 388 1619 praefuit,
403 1581 425 1607 ae
439 1571 500 1618 pridie
515 1572 596 1619 quidem,
611 1583 666 1620 quam
680 1574 726 1611 illud
741 1574 812 1611 decre-

47 1628 85 1661 tum
99 1623 192 1671 firmaret,
207 1627 226 1660 et
240 1627 317 1672 postea,
331 1634 371 1660 non
385 1624 463 1670 opinor,
483 1624 543 1660 semel
557 1625 602 1661 mihi
615 1628 694 1662 testatus
709 1629 747 1672 est.
766 1626 812 1685 nihil

48 1676 126 1724 amplius
140 1676 225 1713 voluisse
239 1675 303 1712 Patres
318 1674 398 1711 firmare.
401 1677 411 1695 ‘⁴

80 1731 122 1774 c)
135 1727 291 1766 Bellarminus
305 1725 365 1772 aith:
380 1727 459 1769 Stultum
474 1731 504 1765 est
518 1727 588 1774 dicere,
602 1728 752 1767 theodotionem
763 1730 812 1767 hae-

48 1780 126 1818 reticum
141 1784 176 1826 (ex
191 1791 228 1828 quo
243 1779 354 1828 quaedam
349 1791 368 1816 m
381 1779 479 1829 Vulgatam
495 1780 583 1818 translata
598 1785 650 1826 sunt)
669 1793 707 1819 non
726 1784 811 1830 potuisse

50 1843 124 1880 errare,
141 1831 203 1870 veis.
217 1832 350 1879 Hieronymum
364 1837 459 1891 nunquam
474 1843 562 1878 errasse,
581 1844 636 1881 quum
650 1835 725 1882 ipsein
740 1835 780 1872 Jes
795 1846 811 1871 c

51 1885 80 1922 19.
95 1886 155 1932 dicat,
170 1896 191 1923 se
206 1894 292 1930 errasse,
311 1887 330 1920 et
343 1883 425 1923 ecclesia
440 1884 481 1932 ejus
497 1886 635 1922 correctionem
648 1888 776 1947 receperitl
769 1887 812 1924 Non

49 1937 92 1974 illos
107 1943 195 1975 auctores
210 1936 328 1974 canonizata
342 1936 435 1982 ecclesia,
454 1937 487 1974 sed
503 1940 572 1974 tantum
583 1932 635 1975 hanc
653 1940 760 1976 tersionem
775 1950 812 1987 ap-

51 1990 147 2038 prohavit3
162 1986 225 2027 certos
240 2000 276 2026 nos
290 1987 372 2026 reddere
386 1989 471 2035 voluit,'
466 2001 485 2026 m
499 1990 529 2037 iis,
544 2000 592 2037 quae
607 1990 630 2026 ad
644 1990 699 2026 tidem
715 1994 733 2028 ct
747 2002 811 2029 mores

51 2043 150 2089 pertinent,
164 2042 215 2079 nulla
229 2052 273 2078 esse
287 2042 307 2077 in
320 2040 356 2076 hac
369 2042 459 2077 versione
473 2043 595 2089 interpretum
610 2046 677 2077 enata
680 2042 690 2061 “
706 2044 812 2085 -Deni-

52 2104 88 2141 que
102 2094 213 2132 assertionis
228 2098 305 2131 nostrae
319 2093 416 2130 veritatem
431 2092 579 2130 luculentissime
594 2097 723 2131 contestantur

104 2148 127 2194 d)
140 2146 214 2196 ipsius
229 2144 321 2185 concilii
337 2145 420 2193 verba,
440 2145 532 2183 decreto
550 2155 621 2193 supra
641 2145 711 2184 citato
726 2148 812 2196 addita,

52 2198 135 2248 quihus
144 2199 238 2248 statuit,
252 2200 278 2237 ut
292 2197 359 2247 „ipsa
373 2198 433 2236 haec
444 2200 511 2236 vetus
526 2200 548 2236 et
561 2198 657 2246 vulgata
671 2199 740 2238 editio
750 2203 813 2249 post-

52 2251 95 2290 hac
109 2263 179 2301 quam
193 2251 380 2290 emendatissime
391 2251 558 2300 irnprirrratrrr.“

97 2305 125 2344 Χ2.
146 2304 273 2352 Concilium
293 2304 424 2343 versionem
441 2303 565 2352 Vulgatam
586 2313 658 2341 sensu
676 2304 754 2343 latiori
773 2317 813 2344 au·

52 2356 176 2397 theuticam
191 2357 318 2396 declaravit
331 2367 378 2395 non
391 2357 464 2394 relate
478 2356 507 2394 ad
519 2357 605 2394 textum
614 2356 813 2405 originalem,sed

52 2410 141 2450 ratione
155 2410 235 2449 hahita
249 2409 348 2448 aliarum
362 2409 495 2448 versionum
509 2408 645 2458 latinarum3
659 2421 701 2447 nam
714 2414 813 2460 utrumque

53 2466 104 2510 patet
117 2465 214 2513 exipsius
229 2464 301 2502 decreti
314 2466 392 2508 tenore,
412 2466 431 2500 et
449 2460 522 2510 quidem
537 2462 616 2511 primum
635 2475 660 2501 ex
673 2466 716 2499 voto
731 2464 814 2511 concilii,

54 2561 243 2570 ψ-

76 2611 144 2651 1)llist.
155 2612 218 2643 concilii
230 2613 271 2644 Trid.
282 2613 308 2644 lib.
320 2613 344 2643 Vl.
357 2612 382 2643 17.
392 2622 408 2643 ιι.
417 2613 433 2643 6

76 2652 138 2693 2)Lih.
149 2655 180 2686 XV.
192 2664 206 2685 c
217 2655 232 2685 9.
244 2654 264 2685 de
273 2656 323 2696 ustis
325 2657 395 2692 catione
409 2654 437 2685 ubi
450 2653 498 2683 ide
478 2663 498 2684 atr
488 2654 519 2693 bit,
534 2658 551 2684 ut
566 2652 648 2690 ostendat,
664 2647 721 2684 trustra
736 2652 816 2702 desrrdaro

77 2736 95 2776 3)

109 2696 207 2728 Calvinum
203 2707 218 2727 ιιι
230 2667 334 2729 ostendendis
346 2698 387 2729 titiis
398 2689 476 2735 Vulgatae
488 2677 566 2725 editionis.

107 2738 140 2769 Lib.
151 2739 169 2769 11.
181 2740 201 2770 dc
213 2739 261 2769 ιιιΙιο
273 2739 301 2769 liei
313 2749 327 2771 c,
340 2740 365 2770 11.

651 2791 680 2827 4
