1787 2921
783 111 825 148 tat

61 218 113 247 cere
133 209 211 256 tamen
230 207 311 258 vellet,
332 208 371 249 ab·
383 208 436 249 aliis
456 206 593 249 cultioribus
613 203 703 246 discere
721 205 825 254 deberet,

63 273 180 309 quaenam
194 263 241 301 sint
255 264 368 313 principia
382 264 439 311 ista,
459 266 481 303 et
495 265 540 302 hac
554 262 578 300 in
591 273 617 300 re
631 261 710 310 utique'
725 262 754 299 ab
769 260 826 299 alio-

60 324 113 350 rum
127 315 265 351 auctoritate
279 317 396 363 penderet,
411 316 466 363 quia
480 316 549 352 homo
564 314 665 351 inerrltus
678 314 718 349 aut
728 313 826 349 debilior

25 389 40 415 3
62 364 147 411 animo,
162 368 184 402 et
198 365 294 413 insuper
307 366 370 404 curis
382 367 528 415 negotiisque
536 366 599 402 vitae
601 363 758 416 quotidianae
769 364 827 400 mul-

61 416 110 455 tum
124 417 272 468 occupatus
267 428 342 468 rmpar
356 420 391 458 est
405 418 504 458 examini
524 410 676 463 instituendo,
696 425 726 452 an
744 425 827 453 revera

62 469 93 509 sit
107 471 235 520 practicam
249 469 347 511 rationis‘
361 485 434 524 purae
448 472 594 524 principium,
609 470 671 521 quod
680 470 725 509 hoc
734 468 827 508 nomine

62 522 136 560 eidem
151 525 336 571 commendatum

116 577 137 618 c)
155 585 230 621 neque
247 575 356 612 indubiae
377 561 536 622 auctoritatis;
557 575 602 635 ipsi
620 567 725 620 namque
742 572 827 609 eruditi

62 624 126 663 eirea
144 625 248 675 practiea
266 625 365 664 rationis
384 637 456 675 purae
475 627 588 676 principia
608 623 809 663 determinanda'
803 634 828 661 ιιι

63 679 157 719 diversa
171 679 269 728 abeuut3
287 679 381 729 quantis
400 679 479 730 itaque
498 679 575 719 dubiis
589 680 657 729 longe
671 677 773 717 maxima
786 677 827 715 lro-

22 741 24 745 ·
62 734 150 771 minum
164 744 220 780 pars
235 734 370 781 agitaretur,
386 733 407 771 si
418 734 545 781 quaeritur,
559 734 654 771 ubinam
663 732 777 780 principia
786 731 828 769 illa

65 784 318 843 inveniantunqumn
339 785 482 822 eruditorum
505 786 604 832 qrrisqrre
627 784 827 830 argumentatione

64 835 158 872 nonnisi
172 835 295 882 subtiliori,
310 836 397 873 inculto
411 835 505 874 minime
519 832 596 882 clara,
611 845 708 871 eausam
722 844 791 871 suam
806 835 828 870 et

64 885 195 939 opinionem
208 889 348 940 propugnet!
362 887 465 938 lleniqrre

119 943 142 988 d)
156 953 203 980 non
217 954 231 981 a
245 942 313 981 lleo
307 954 359 993 rpso
373 943 506 991 institutns3
520 943 580 982 teste
589 941 650 981 eninr
659 940 741 990 ipsa-s.
751 938 829 988 Serip-

64 994 119 1030 tura
133 991 247 1035 eeclesiae
261 1006 318 1032 suae
333 995 440 1032 Christus
455 996 585 1032 doctrinam
599 1005 667 1032 suam
680 992 777 1041 tradidit
791 1003 830 1028 cu-

64 1043 217 1086 stodiendam,
232 1046 255 1081 et
268 1046 364 1093 proinde
379 1047 449 1082 etiam
463 1056 496 1082 ss.
510 1046 640 1082 litterarum
652 1037 802 1080 authentice'
795 1054 829 1079 ιιι-

63 1087 265 1146 terpretarrdarum
284 1096 401 1161 negotium
421 1097 581 1146 officiumque,
600 1096 682 1135 nullibi
700 1096 778 1132 autem
792 1105 830 1131 ra-

64 1149 122 1189 tioni
141 1151 280 1199 humanae,
288 1151 326 1190 eui
344 1151 421 1201 potius
440 1151 486 1191 sibi
504 1151 611 1204 relictae,
631 1151 671 1190 aut
690 1148 783 1188 sibimet
796 1147 830 1187 rri-

65 1204 137 1241 mium
151 1205 275 1242 eonlidenti
288 1206 386 1242 multum
403 1201 508 1243 diffidere
527 1200 663 1243 edocemur
669 1203 738 1250 loeis,
758 1204 784 1240 uti
797 1203 829 1240 lllt.

67 1254 99 1300 11,
114 1255 146 1291 25.
159 1255 173 1290 l.
188 1256 231 1292 Cor.
246 1257 264 1301 2,
281 1256 311 1292 14
326 1256 347 1301 ἓν,
362 1256 386 1293 18
394 1257 446 1300 21.
461 1261 480 1293 et
494 1258 561 1294 similia
564 1266 594 1292 us

260 1360 262 1363 ⁵
303 1367 329 1401 lv.
339 1368 364 1401 De
374 1368 506 1412 interpretatione
517 1367 592 1410 myrhina.

403 1459 423 1506 p.
440 1456 494 1496 ιιι.

309 1510 391 1561 Qurdper
401 1523 464 1562 mythos
475 1521 586 1561 intelligatur?

118 1595 161 1636 Vox
174 1598 235 1646 μῦθος
249 1597 330 1647 antiquis
345 1596 448 1637 denotabat
461 1596 492 1636 vel
507 1596 598 1645 fabulam,
617 1596 648 1635 vel
666 1596 796 1634 narrationem
811 1595 831 1633 in

66 1652 170 1698 substantia
185 1652 261 1700 quidem
275 1664 346 1700 veram,
361 1654 379 1690 in
394 1653 488 1702 adjunctis
503 1657 565 1690 tamen
579 1652 631 1689 vario
646 1651 703 1689 inodo
714 1662 738 1688 ex
751 1651 830 1701 ingenio

66 1709 186 1740 exornatam
198 1725 221 1730 —
243 1705 262 1742 Si
276 1706 324 1741 haee
339 1706 362 1741 ad
377 1717 393 1742 s.
408 1707 523 1753 scripturam
538 1705 667 1753 applicentur,
687 1709 832 1751 quatenusper

66 1755 149 1801 mythum
164 1753 276 1802 intelligitur
289 1756 363 1799 tabula,
384 1757 449 1801 quales
464 1758 482 1791 in
497 1757 518 1791 V.
533 1756 552 1792 F.
567 1767 639 1802 paucae
655 1755 793 1800 occurrunt¹)‚
812 1757 832 1790 in

67 1804 110 1853 ejas
123 1805 280 1854 interpretatione
299 1806 431 1843 observandae
450 1810 495 1843 sunt
511 1807 603 1856 regulae,
625 1816 671 1853 quas
687 1810 705 1850 ὃ.
720 1805 752 1843 86.
768 1815 832 1852 expo·
883 1852 885 1854 ‚

47 1880 50 1883 -
67 1860 139 1899 suimus
145 1873 150 1907 ;
170 1862 263 1910 qnatenus
277 1872 324 1900 vero
339 1859 413 1911 mythos
432 1858 528 1912 significat
545 1859 672 1899 narrationem
686 1859 706 1897 in
720 1857 832 1898 essentiali·
885 1853 890 1862 ¹

67 1915 103 1952 bus
118 1914 193 1962 quidem
208 1926 279 1962 reram,
293 1916 312 1951 in
327 1915 421 1963 adjunctis
436 1920 498 1952 tamen
513 1916 590 1964 proprio
605 1915 707 1952 referentis
722 1917 781 1951 marte
796 1925 832 1950 ex-

67 1970 162 2012 ornatam,
182 1966 243 2013 quaiis
262 1968 279 2002 iu
299 1968 394 2014 parabolis
414 1968 486 2004 admitti
504 1972 577 2015 potest:
597 1967 620 2003 ad
638 1978 716 2004 sensnm
730 1967 831 2009 mediatum

68 2018 230 2065 cognoscendum,
246 2018 300 2064 cujus
314 2021 375 2065 gratia
390 2019 479 2064 parabola
494 2019 612 2065 proponitur,
626 2029 685 2065 verae
699 2019 790 2053 historiae
800 2019 833 2052 in-

68 2072 107 2106 star
122 2068 199 2105 tractari
213 2067 279 2115 debet;
298 2069 394 2117 inquirere
414 2069 474 2116 enim,
492 2072 554 2106 utrum
573 2068 668 2118 ejusmodi
688 2068 771 2105 narratio
786 2079 833 2105 vera

68 2123 102 2172 sit,
122 2128 141 2161 et
159 2123 178 2161 in
193 2127 283 2173 quantum
296 2124 376 2163 veritate
395 2124 475 2172 nitatur,
494 2122 518 2162 ad
534 2122 643 2174 interpretis
661 2122 779 2173 provinciam
794 2133 833 2161 non

68 2179 158 2225 pertinet,
173 2188 235 2224 neque
250 2178 304 2215 finem
320 2180 361 2226 ejus
377 2182 482 2225 prorueret.

120 2230 163 2266 Ast
176 2229 326 2276 recentiores,
340 2230 394 2267 lieet
408 2241 454 2267 non
469 2240 549 2267 omnes
565 2229 714 2275 conveniant,
732 2230 832 2277 plerum-

68 2290 113 2325 que
127 2283 205 2316 tamen
219 2280 279 2316 iuter
293 2281 397 2326 mythum
411 2280 596 2328 philosophicum
611 2281 784 2317 et-ntsmmeum
800 2280 832 2315 di-

69 2330 214 2380 stirrguentes
228 2340 270 2380 per
284 2330 385 2380 priorem
399 2330 529 2380 intelligunt
543 2331 705 2380 allegoricam,
720 2329 833 2368 historiae

68 2384 169 2425 formam
183 2396 239 2436 prae
253 2396 279 2425 se
294 2384 417 2435 terentem,
436 2385 502 2425 ideae
521 2383 623 2435 alicujus
638 2396 700 2435 repr
693 2382 833 2424 aeseutatio-

63 2442 147 2488 nem,
145 2451 191 2488 per
206 2441 309 2478 alterum
318 2440 375 2478 faeti
390 2439 513 2500 eujusdam
528 2440 710 2489 explicationem.

113 2491 262 2528 Erudltorum'
254 2503 306 2540 pam,
324 2493 408 2529 asacris
424 2493 523 2529 catholicis
542 2494 658 2538 alienorum,
676 2492 760 2539 ideoque
774 2479 833 2528 firmis

68 2543 166 2588 principiis
182 2543 260 2578 destitut
253 2547 315 2579 torum
330 2548 350 2578 et
364 2547 408 2579 cont
410 2545 453 2578 inuo
473 2544 510 2579 huc
523 2544 607 2589 illucque
623 2543 751 2579 vacillantium
769 2544 834 2589 plures

69 2593 148 2642 primum
163 2604 188 2642 qr
182 2604 212 2630 ae
226 2593 245 2630 in
259 2593 281 2631 V.
295 2593 315 2631 F.
331 2594 481 2631 extraordinaria
494 2594 561 2644 legunt
562 2604 595 2642 ur,
613 2594 688 2644 mythos
707 2593 834 2639 declararunt,

93 2737 155 2781 q‘crr.
167 2740 183 2776 §-
194 2740 220 2770 er.
