1765 2921
76 113 105 162 ei

76 223 147 270 patet.
161 221 283 262 llitllcillor
297 226 373 263 antem
388 226 423 263 est
437 221 552 272 quaestio,
566 234 682 273 quaenam
695 223 719 265 in
734 226 841 266 contextu

75 274 196 313 remotiori
214 277 292 325 posita
310 277 462 322 cohaereant,
483 274 597 323 siquidem
617 277 715 326 loquens
734 278 785 327 ipse
803 279 840 317 vel

75 324 129 363 libri
143 329 227 366 auctor
240 329 263 366 id
277 339 324 366 non
338 330 376 365 sat
389 329 452 366 clare
465 324 603 375 indigitavit.
615 349 642 355 —
656 330 723 377 Quod
733 341 753 368 s.
762 330 840 379 Scrip-

74 378 152 415 turam
166 378 190 416 in
204 379 281 428 specie
295 379 388 425 attinet,
407 380 496 417 erraret
509 378 636 428 interpres,
655 380 677 418 si
690 381 782 419 indiciis
797 382 840 420 ial-

75 428 166 466 laeihus
181 431 272 478 plenam
287 431 383 468 haberet
396 430 472 468 iidem.
486 430 554 468 Talia
567 434 633 470 sunt:

131 491 151 527 1.
170 491 255 528 Nostra
269 501 288 528 s.
302 493 378 529 textus
396 492 419 529 in
438 491 516 539 capita
530 494 552 529 et
565 503 649 531 versus
663 492 759 539 divisio,
773 497 840 541 utpote

76 551 125 587 qnae
139 552 203 588 neque
217 542 240 578 ab
254 543 301 588 ipsis
316 544 426 579 auctoribus
440 543 515 580 biblicis
529 543 639 590 descendit,
657 556 694 582 nec
708 548 737 581 sat
751 548 794 593 apte
808 545 840 580 in-

76 593 140 630 stituta
155 597 194 639 est;
214 604 272 642 saepe
287 594 337 632 enim
351 594 454 644 disjungit,
473 605 522 643 qnae
536 594 601 644 logice
615 599 648 633 aut
660 595 752 633 historice
766 594 840 633 cohae-

74 649 124 691 rent,
139 650 159 682 et
172 656 210 683 non
224 657 268 684 raro
284 649 389 698 conjungit,
404 658 452 695 quae
467 647 573 695 separanda
587 647 674 685 fuissent.

130 708 151 748 2.
169 710 238 760 Ipsae
252 709 379 749 divisiones
393 710 459 758 illae,
474 721 533 760 quas
547 710 689 749 recentiores
703 722 723 749 s.
737 710 840 760 Scriptu-

76 773 118 801 rae
132 762 233 803 editores
247 764 433 812 introduxerunt,
452 769 471 802 et
486 775 534 812 quae
549 765 611 812 aptius
625 764 711 813 quidem,
725 775 763 802 non
777 768 840 802 tamen

75 816 102 854 ita
116 815 165 854 sunt‘
174 819 277 864 institutae,
292 822 312 855 ut
321 829 382 855 nexus
393 818 485 855 dictorum
496 817 566 869 ubique
578 822 665 854 accurate
676 817 840 855 determinaretur.

130 879 151 917 3.
166 879 343 929 inscriptiones,
362 881 405 927 quia
424 884 462 917 tum
477 891 487 916 a
501 878 583 917 librariis
598 890 637 917 non
653 891 697 917 raro
712 880 840 928 perturbatae,

75 935 114 968 turn
129 944 139 969 a
153 934 257 969 recentiori
271 932 344 969 demum
359 943 421 978 manu,
436 931 545 980 etquidem
562 931 606 969 hinc
623 932 668 969 inde
682 932 749 970 saltem
764 934 840 970 sat‘in-

15 1019 19 1022 ,
77 988 120 1029 epte
135 988 179 1020 sunt
193 985 286 1032 adjectae.

129 1036 198 1072 Contra
212 1047 259 1072 vero
275 1036 332 1081 dicta,
347 1036 458 1083 praeprimis
472 1035 537 1084 logice
552 1046 638 1072 connexa
653 1040 806 1085 cognoscuntur:

129 1088 151 1133 a)
165 1087 196 1124 Ex
210 1087 297 1135 apertis
312 1086 459 1135 indubiisque
473 1086 604 1124 orationum
622 1087 722 1125 exordiis
740 1089 763 1125 et
777 1088 840 1125 clau·

75 1137 142 1184 sutis,
157 1150 174 1174 v.
188 1150 207 1186 g.
221 1139 256 1175 lli.
269 1138 289 1186 4,
303 1139 322 1175 2.
337 1139 380 1174 coll.
395 1150 437 1175 curn
451 1150 468 1176 v.
483 1139 502 1174 9.
520 1138 565 1175 Luc.
581 1138 612 1183 14,
627 1138 646 1175 t.
661 1140 704 1176 coll.
719 1151 760 1176 enni
774 1151 792 1176 v.
808 1139 839 1176 11.

130 1190 152 1233 b)
166 1189 184 1226 E
202 1189 335 1237 particulis,
355 1189 551 1226 continuationem
569 1188 686 1235 ejusdem,
706 1192 747 1227 ant
764 1201 839 1228 novae

75 1239 189 1277 orationis
203 1239 293 1277 initium
307 1238 473 1285 indicantibus,
492 1252 509 1276 v.
524 1251 543 1288 g.
558 1241 601 1276 coll.
615 1241 649 1276 lllr.
665 1239 683 1286 7,
699 1241 716 1277 1.
731 1252 773 1277 cum
787 1252 805 1277 v.
820 1241 839 1277 9.

75 1302 93 1327 v.
109 1290 135 1327 14
148 1295 167 1327 et
183 1290 213 1328 17.

129 1347 150 1389 c)
164 1343 196 1381 Ex
214 1343 303 1381 unitate
322 1342 413 1381 consilii
430 1343 468 1381 vel
486 1341 554 1390 facti,
573 1342 619 1381 loci
637 1345 660 1381 et
677 1354 839 1391 personarum,

75 1407 136 1445 quae
150 1396 270 1445 loquentes
285 1395 440 1444 inducuntur,
458 1396 481 1434 et
499 1395 530 1434 ad
548 1406 608 1444 quas
621 1396 658 1435 vel
673 1396 701 1435 de
715 1395 799 1446 quihus
813 1395 840 1435 iit
877 1418 878 1421 =

75 1460 159 1498 serino,
175 1452 199 1488 ita
214 1454 234 1488 ut
248 1451 327 1499 quaevis
341 1450 419 1488 mutatio
434 1450 453 1487 in
467 1450 496 1487 his
511 1449 612 1488 observata
621 1450 693 1494 innuat,
709 1461 748 1488 non
758 1450 838 1487 eandem

75 1503 155 1552 amplius
173 1504 280 1541 continuari
299 1504 416 1549 orationem,
435 1514 518 1551 esseque
537 1503 599 1549 linita,
618 1514 667 1551 qnae
686 1503 710 1541 ad
729 1508 839 1541 contextum

76 1555 158 1593 eundem
176 1558 294 1605 pertineant,
312 1568 330 1594 v.
345 1567 363 1605 g.
377 1555 392 1593 l.
407 1555 451 1593 Cor.
466 1554 485 1602 l,
501 1555 518 1593 1.
533 1566 587 1604 seqq.
603 1566 619 1593 c.
633 1555 652 1593 8.
666 1567 683 1593 e.
698 1555 715 1593 9.
733 1556 765 1593 lllt.
780 1556 798 1603 5,
813 1555 840 1595 20

102 1608 134 1645 48.
155 1608 199 1655 6,1
230 1608 262 1645 16.

129 1661 153 1697 Β.
167 1660 266 1698 Ratione
279 1660 372 1707 generis
386 1671 415 1697 ac
428 1658 514 1708 speciei
528 1670 612 1697 nexus:

130 1722 150 1760 l.
164 1722 240 1760 Nerius
259 1722 348 1770 logicus
367 1721 391 1759 in
409 1721 492 1769 quavis
513 1720 681 1770 propositione,
702 1721 798 1770 periodo
817 1723 840 1760 et

75 1773 181 1811 oratione
195 1774 274 1820 adest,
292 1774 455 1811 attendendum
473 1775 563 1820 tamen,
582 1783 697 1821 quaenam
716 1772 768 1820 ejus
787 1781 847 1822 spes

75 1824 123 1862 cies
137 1825 221 1872 quavis
235 1825 286 1863 vic-e
299 1825 385 1862 haheat
398 1825 486 1871 locum,
501 1836 545 1861 num
559 1826 633 1862 scilicet
647 1825 730 1861 membra
744 1826 839 1873 simplici-

74 1880 104 1912 ter
118 1880 188 1912 tantuin
207 1881 354 1921 connectantur,
373 1887 397 1912 an
416 1880 558 1922 eomparentun
575 1888 620 1912 nuni
638 1876 657 1912 in
677 1876 757 1921 causali,
777 1887 801 1913 an
819 1878 839 1913 in

75 1927 193 1972 antithetlco,
209 1929 309 1974 exceptive
325 1931 361 1963 ete.
375 1938 427 1963 nexu
440 1929 502 1973 posita
517 1928 561 1963 sint.
575 1926 643 1974 Quod
656 1927 791 1974 plerumque
801 1938 839 1964 co·

75 1978 195 2026 gnoscitur
209 1990 236 2017 ex
250 1977 371 2028 particulis
386 1976 569 2025 conjunctionis,
588 1988 640 2015 cum
657 1980 735 2015 tamen
752 1977 776 2015 in
789 1978 839 2015 vul-

75 2030 126 2078 gari
140 2042 185 2068 usu
199 2031 307 2080 loquemli
322 2030 427 2078 cujusvis
447 2030 551 2078 linguae,
570 2032 593 2068 et
607 2029 631 2067 in
644 2029 669 2067 N.
684 2030 709 2067 Τ.
724 2029 748 2067 in
761 2029 839 2078 specie

76 2093 103 2120 ex
117 2094 160 2122 usu
176 2084 284 2134 loquendi
299 2082 442 2122 hellenistico
459 2082 588 2133 particulae
606 2080 722 2129 ejusmodi
736 2082 839 2131 quando·

76 2148 121 2185 que
135 2137 172 2175 vel
186 2138 333 2185 omittantur,
352 2137 389 2175 vel
407 2148 454 2175 non
472 2136 557 2184 nhiqne
575 2136 678 2173 locorum
698 2134 731 2174 ita
748 2135 839 2185 positae

75 2189 234 2236 inveniantur,
252 2192 277 2228 ut
296 2191 378 2229 stricta
397 2192 419 2228 et
437 2190 548 2227 accurata
562 2189 639 2237 legum
653 2188 745 2238 linguae
760 2189 839 2228 ohser-

75 2242 140 2280 vatio
154 2243 268 2290 postulat:
283 2244 335 2281 sola
350 2241 539 2289 conjunctionum
553 2241 613 2278 ratio
628 2252 674 2279 non
688 2241 782 2288 sullicit,
797 2242 839 2281 sed

74 2294 180 2343 ipsorum
194 2294 289 2343 insuper
303 2295 416 2332 orationis
433 2293 589 2332 mernhrorum
606 2294 699 2332 habitus
718 2296 741 2332 et
754 2296 839 2332 natura

75 2347 198 2395 diligenter
212 2347 365 2392 examinetur,
385 2355 482 2384 necesse
495 2346 542 2391 est,
557 2347 582 2383 ut
596 2347 763 2393 cognoscatur,
782 2357 838 2394 quo-

75 2399 144 2436 modo
158 2409 185 2436 se
200 2398 230 2435 ad
244 2398 342 2435 invicem
357 2398 465 2442 habeant,
478 2408 496 2432 v.
511 2408 529 2445 g.
542 2397 576 2434 hir.
591 2397 609 2443 9,
623 2397 656 2434 48.

130 2461 151 2497 2.
170 2460 199 2498 Ut
219 2460 385 2507 cognoscatur,
404 2468 434 2495 an
452 2457 513 2495 dicta
532 2458 645 2506 quaedam
664 2469 723 2496 nexu
740 2460 838 2507 psyche·

37 2524 40 2530 ⁴
74 2510 150 2558 logico
165 2512 318 2555 cohaereant,
333 2509 491 2546 necessarlum
506 2511 542 2546 est
555 2509 626 2556 scire,
646 2509 729 2557 quihus
743 2510 838 2548 rationi-

75 2561 118 2598 bus
133 2563 156 2600 in
171 2563 271 2600 hominis
286 2561 365 2599 animo
379 2560 401 2597 vi
416 2559 475 2607 legis
489 2559 593 2597 idearum
608 2560 772 2599 associationls
786 2561 839 2599 idea

74 2612 151 2651 ideam
165 2614 264 2652 excitare
278 2609 365 2659 soleat,
384 2611 447 2660 qnod
462 2611 486 2647 lit
503 2610 653 2658 sequentihus
668 2612 754 2650 modis:
773 2612 839 2660 (logi-

74 2667 138 2703 tatus
153 2666 277 2714 cogitatum
292 2665 376 2704 excitat
390 2668 422 2702 ant

128 2721 150 2763 a}
167 2718 196 2765 oh
215 2718 319 2757 internae
338 2716 465 2765 cujusdam
483 2714 640 2755 similitudinis
660 2717 695 2755 vel
713 2716 839 2754 contrarie·
