1765 2921
8 96 92 137 ·r2

62 195 87 233 in
101 195 189 234 scholis
208 196 259 236 suis
278 197 431 247 cognitionem
450 195 575 245 quamdam
593 194 690 244 linguae
700 196 827 236 hebraicae

63 258 155 296 semper
169 253 347 287 conservarunt.
368 249 472 287 Traditio
487 248 540 296 jam
557 259 613 285 vcro
632 248 672 285 illa
687 252 828 287 conservata

63 300 100 335 cst
117 298 142 336 in
160 300 308 338 versionibus
321 301 348 338 V.
363 302 399 346 m,
419 301 443 338 in
461 299 615 348 scriptoribus
634 300 748 347 antiquis,
767 301 828 339 etin

63 350 237 388 commentariis
252 362 280 387 ac
294 351 373 388 lexicis
387 351 545 388 rabbinorum.

159 399 192 439 lle
206 400 332 439 traditione
342 402 419 450 quoad
428 411 498 440 usum
507 400 616 449 loquendi
625 399 759 438 hebraicum
773 409 829 438 eon-

191 452 286 492 servata
813 478 815 481 ι

408 574 428 624 y.
443 571 480 613 42.

322 640 342 672 A.
353 641 372 672 In
382 641 485 672 versionibus
495 640 569 681 antiquis.

117 722 158 760 Huc
172 725 284 770 praeprimis
298 726 393 772 pertinent

119 774 139 811 l.
158 774 241 811 Versio
259 775 419 823 Septuaginta.
433 777 523 821 Aetas,
541 785 588 822 qua
605 774 683 812 versio
702 775 830 811 1111666611-

65 824 128 863 lecta
146 826 193 872 est,
214 835 273 863 aevo
290 826 359 865 vivae
377 827 454 865 adhue
470 826 538 864 vivae
556 825 680 863 hebraicae
698 824 829 874 propinqua

65 875 124 924 erat,
139 877 193 925 imo,
208 878 270 927 quod
284 879 433 928 pentateuchi
442 878 619 918 translationem
628 877 717 928 attinet,
731 877 761 916 ad
771 875 829 916 illud

65 930 182 981 pertingit,
196 930 229 970 ita
243 934 269 970 ut
282 933 364 972 merito
379 944 509 983 supponere
521 932 597 980 liceat,
612 930 748 971 auctoribus
760 941 830 970 usum

65 984 174 1032 loquendi
195 985 330 1025 hebraicum
349 997 361 1024 e
379 986 504 1025 traditione
525 985 632 1036 populari
651 985 718 1032 viva,
739 986 762 1023 et
782 994 829 1024 nou

65 1037 142 1075 solum
156 1048 169 1074 e
183 1037 271 1075 scholis
285 1039 308 1075 et
321 1039 434 1077 librorum
450 1038 589 1088 biblicorum
607 1037 685 1076 studio
702 1037 777 1075 fuisse
792 1047 830 1074 co·

65 1088 166 1136 gnitum,
186 1089 237 1135 quod
251 1089 296 1126 inde
310 1090 441 1136 conlimatur,
457 1091 501 1137 quia
515 1091 541 1127 ro
555 1091 669 1138 interpretes
682 1089 777 1126 vocabulo
792 1089 830 1125 he-

64 1140 130 1177 braico
145 1150 204 1186 saepe
214 1140 298 1177 tribuunt
305 1141 470 1190 significationem,
485 1152 534 1188 quae
543 1141 605 1177 eidem
618 1142 638 1177 in
648 1141 711 1177 bibliis
721 1141 781 1177 sacris
791 1150 830 1176 non

66 1191 161 1235 convenit,
176 1200 225 1236 quae
239 1195 301 1227 autem
315 1193 335 1228 in
349 1192 435 1228 dialectis
450 1193 537 1239 cognatis
551 1192 651 1227 invenitur.
673 1191 718 1227 Cum
729 1191 768 1237 jan
783 1201 830 1236 sup-

65 1242 113 1289 poni
131 1245 224 1289 nequeat,
242 1241 287 1279 illos
304 1241 502 1293 harracognitionem
521 1254 532 1280 e
552 1242 638 1279 dialectis
657 1242 756 1291 cognatis,
774 1245 794 1278 et
811 1241 831 1277 in

66 1293 133 1344 speeie
148 1305 173 1332 ex
186 1293 250 1345 lingna
265 1294 341 1333 arabica
354 1294 452 1334 hausisse:
471 1305 513 1334 ean]
527 1306 538 1333 e
552 1294 654 1332 traditione
667 1303 756 1331 manasse
774 1296 831 1343 patet.

25 1353 29 1355 ’
120 1347 142 1386 2.
155 1347 260 1397 Aquilae,
275 1347 416 1398 Symmachi,
431 1347 596 1387 Theodotionis
611 1350 633 1386 et
642 1347 745 1397 reliquae
754 1347 831 1389 trans·

66 1400 166 1439 lationes
180 1401 327 1450 hexaplarcs,
342 1412 402 1450 quae
416 1404 495 1440 tamen
507 1401 616 1440 versione
630 1400 784 1449 Septuaginta
797 1399 831 1438 in-

66 1452 165 1490 teriores
180 1455 235 1490 sunt
248 1465 287 1490 non
302 1457 373 1491 tantum
387 1455 411 1491 ob
426 1455 520 1503 originem
528 1455 662 1499 recentiorem,
677 1453 713 1490 sed
724 1453 778 1489 etiam
788 1453 832 1499 quia

67 1505 161 1551 suspicari
176 1505 227 1550 lieet,
242 1509 332 1542 auctores
347 1516 411 1542 earum
426 1507 450 1542 ob
465 1507 549 1542 rationes
563 1505 667 1552 polemitas
677 1515 731 1541 usum
741 1503 832 1551 loquendi

66 1555 111 1590 hine
129 1555 173 1591 inde
192 1556 314 1603 neglexisse,
333 1560 365 1592 aut
384 1560 485 1592 contextus
501 1557 553 1603 justo
572 1555 664 1603 majorem
682 1556 775 1591 rationem
793 1554 831 1590 ha-

65 1606 138 1642 buisse.
159 1605 227 1652 Aquila
243 1610 306 1641 tamen
320 1606 454 1656 etymologiam
469 1607 540 1656 magis,
559 1617 614 1653 quam
633 1616 710 1643 sensnm
729 1605 832 1652 expressit.

120 1657 142 1695 3.
160 1657 323 1706 Paraphrascs
341 1658 488 1705 chaldaicae,
508 1668 568 1707 quae
582 1669 597 1695 a
610 1657 707 1695 Judaeis
722 1655 832 1706 palaesti-

66 1710 178 1750 nensibus
198 1712 220 1749 et
238 1710 382 1760 babylonicis
401 1712 521 1751 contectae
536 1710 642 1750 exhibent
656 1708 832 1761 explicationem

66 1766 144 1803 textus
159 1763 237 1802 biblici
251 1775 293 1814 per
306 1764 454 1804 traditionem
468 1765 602 1804 scholarum
617 1765 782 1814 propagatam,
801 1763 832 1801 6111

67 1818 129 1854 6611116
145 1820 164 1854 61
176 1821 300 1865 punctatores
315 1821 334 1854 et
351 1819 468 1866 grammatici
484 1817 557 1865 judaici
575 1817 710 1854 innitebantur.
730 1817 833 1853 Praeterea

67 1869 175 1916 'largumim
190 1868 346 1905 commendantur
361 1869 443 1906 dialecto
457 1880 492 1907 sua
501 1869 524 1906 ad
534 1869 642 1905 hebraicam
652 1868 736 1917 linguam
746 1868 833 1915 proxime

68 1920 180 1964 accedente,
194 1919 220 1956 ita
234 1923 255 1955 ut
268 1920 378 1956 auctoribus
393 1931 459 1957 eorum
472 1921 530 1957 multa
544 1920 568 1956 de
581 1931 618 1957 11611
632 1919 723 1967 loquendi
740 1918 833 1955 hebraico

68 1971 145 2018 cognita
159 1980 204 2007 esse
219 1970 317 2007 deberent.
332 1970 370 2009 Sed
379 1970 425 2008 lieet
434 1971 491 2008 multa
503 1982 549 2008 vera
560 1972 677 2016 contineant,
692 1980 761 2007 sensus
770 1974 834 2006 tamen

68 2033 127 2069 saepe
146 2022 180 2059 sub
198 2022 278 2059 insulsis
296 2022 443 2070 paraphrasibns
462 2026 482 2060 et
498 2023 588 2060 immixtis
602 2021 756 2070 theologumenis
770 2022 833 2058 serius

70 2074 131 2112 enatis
146 2074 211 2112 latitat.
225 2075 349 2114 Pentateuchi
363 2079 402 2114 tres
418 2080 493 2114 exstant
507 2074 643 2126 paraphrases:
658 2073 756 2122 Onhelosi,
771 2074 833 2112 Pseu-

69 2127 192 2177 doj0nathani
203 2133 222 2166 et
231 2129 313 2179 Targum
322 2130 521 2179 hierosolymitanum
535 2128 668 2179 prophetarum
677 2128 758 2178 Targum
772 2127 834 2166 Jona-

69 2181 132 2225 thani;
152 2180 325 2230 hagiographorum
344 2182 367 2219 ab
386 2183 457 2232 ignotis
476 2181 586 2220 auctoribus
606 2180 723 2227 eonfeetum3
741 2180 833 2228 Danielis,

67 2232 129 2270 Esrae
144 2236 164 2268 et
176 2231 279 2269 Nehemiae
292 2233 363 2270 nullum
371 2232 395 2278 ¹),

123 2283 144 2320 l.
161 2282 245 2319 Versio
259 2283 380 2329 Peschito,
399 2282 469 2329 cujus
483 2283 560 2331 origo,
579 2283 633 2321 licet
647 2285 711 2321 certo
726 2283 832 2320 determi-

68 2334 121 2373 nari
134 2335 243 2381 nequeat,
258 2344 277 2370 s.
290 2334 420 2382 Ephraerno
434 2334 495 2381 Syro
509 2336 586 2371 tamen
601 2338 625 2380 [†
639 2345 682 2371 ann.
697 2333 742 2370 378.
757 2345 774 2381 p.
789 2334 833 2379 Ch.)

69 2385 194 2435 antiquior,
208 2383 372 2423 verosimiliter
385 2385 624 2423 Judaeo-Ghristianis
633 2385 700 2433 Syris
710 2385 754 2422 sub
765 2386 833 2423 finem

69 2451 131 2478 saec.
141 2439 167 2478 ll.
177 2450 199 2489 p.
209 2438 250 2477 Gn.
261 2436 364 2485 debetur,
373 2437 450 2487 potius
461 2437 596 2477 eruditionis
607 2437 754 2486 rellcctentis,
763 2449 833 2488 qnam

43 2518 45 2524 ·
69 2492 202 2532 traditionis
216 2492 285 2531 vivae
299 2501 358 2542 opus
373 2491 483 2541 habetur,
497 2494 619 2543 praeterea
633 2491 703 2532 etiam
716 2492 833 2532 versionis

91 2658 110 2697 1)
122 2656 211 2696 'l'argumim
222 2659 325 2689 inveniuntur
336 2659 351 2688 in
367 2657 422 2688 Bibliis
438 2656 524 2687 rabbiniois
539 2657 630 2697 Bonrbergii
644 2662 661 2687 ct
674 2658 757 2697 Bustoriii,
774 2663 790 2688 et
805 2667 836 2687 una

124 2708 161 2729 rina
171 2700 246 2730 versione
257 2700 306 2730 latina
318 2701 334 2730 in
345 2698 445 2740 polyglottis.
