1787 2921
765 112 792 150 31

33 212 101 253 ctiam
116 211 230 258 supponet
243 212 320 257 recta,
339 210 378 248 ubi
392 220 453 248 unus
467 209 555 247 alterve
572 210 608 261 vel
623 210 701 259 plures
716 210 797 261 haere-

33 264 83 310 tici,
103 262 232 310 a'geuuina
246 263 303 300 desu
318 264 345 300 et
353 262 518 312 Apostolorum
532 263 608 300 mente
623 262 711 309 aversi,
727 261 797 309 juxta

33 313 126 368 propria
136 314 227 363 'placita
241 314 380 353 sententiam
395 316 480 353 ferunt.

83 367 103 414 f)
117 367 234 415 lnterpres
249 367 378 412 catholicus
393 367 507 416 duplicem
519 366 620 406 admittit
629 365 753 403 effatorum
763 365 797 403 bi-

33 419 144 459 blicorum
159 429 264 465 sensum,
283 418 391 457 nimirum
405 419 522 457 verbalem
542 422 564 457 et
582 419 681 464 realem,
700 418 796 455 ubicun-

34 482 77 521 qne
91 471 161 508 talem
176 472 216 507 aut
230 470 293 508 sacri
307 469 333 507 N.
347 471 373 508 Τ.
387 470 514 519 scriptores
528 470 552 509 in
565 471 593 510 V.
608 471 645 517 T„
664 472 705 508 aut
719 469 796 507 sancti

33 524 114 564 Patres
129 522 233 560 unanimi
247 532 363 569 consensu
372 524 400 560 et
418 523 531 561 ecclesiae
550 524 608 562 tides
626 524 745 570 statuunt3
763 522 796 560 in-

33 580 121 625 terpres
136 577 213 625 autern
227 585 290 612 nrere
307 574 430 612 rationalis
448 575 541 617 nonnisi
559 587 631 613 unum
650 575 797 624 amplectitur

35 638 140 675 sensum,
160 638 269 676 eumque,
288 626 327 676 qui
342 638 369 666 ex
383 626 481 666 rationis
495 627 796 677 interpretandisprincipiis

33 681 117 733 optime
130 680 244 720 vindicari
258 691 328 731 posse
341 680 440 719 videtur.
452 703 454 706 -

84 734 105 773 4.
120 734 313 787 Raticuehabita
322 733 479 773 certitudinis:
493 734 610 784 lnterpres
620 734 681 772 cath.
691 733 715 773 in
725 734 795 772 rebus

33 787 85 828 fidei
103 790 126 826 et
142 798 245 836 morum,
264 787 295 826 ad
313 787 498 826 aedificationem
517 788 636 826 doctrinae
654 787 799 826 christianae

34 840 206 892 pertinentium,
228 842 278 881 tuto
296 840 425 889 acquiescit
446 840 527 880 sensui
545 851 588 879 ceu
607 839 723 887 objective
741 851 798 878 vero
857 849 859 852 ’

33 896 55 932 ct
68 904 186 942 uunquam
201 893 333 940 evertendo,
347 893 387 942 qui
401 904 454 931 cum
468 893 583 932 catholica
598 893 651 931 fidei
665 894 747 942 regula
756 894 797 930 aut

33 945 99 984 unice
113 945 231 994 congruit,
246 947 287 984 aut
300 956 369 993 quem
383 956 435 983 cum
450 945 563 984 ecclesiae
577 945 713 994 magisterio
727 947 797 991 tenet,

33 999 74 1036 aut
94 1009 162 1045 quem
183 998 206 1035 iu
227 1008 311 1047 genere
332 997 456 1036 ecclesiam
477 1009 578 1046 sequens
599 998 681 1035 ducem
702 997 798 1044 invenit,

35 1049 90 1098 quin
103 1049 202 1088 rationis
216 1049 383 1098 interpretandi
396 1049 510 1099 principia
523 1050 658 1097 laedantnr3
678 1051 716 1088 ast
734 1056 800 1087 mere

32 1101 154 1140 rationalis
168 1101 282 1151 interpres
301 1101 381 1139 sensui
395 1113 410 1139 a
424 1112 450 1139 se
464 1102 557 1140 invento
575 1101 690 1149 majorem
704 1101 798 1139 certitu·

33 1153 110 1191 dinem
123 1153 242 1192 vindicare
256 1153 347 1202 nequit,
367 1153 413 1191 nisi
432 1164 501 1201 quam
515 1154 561 1191 fert
575 1154 659 1203 partim
673 1151 814 1191 methodus

33 1204 86 1252 ejus
99 1216 162 1248 mere
175 1205 297 1244 rationalis
312 1205 336 1243 in
350 1216 446 1254 genere,
465 1207 488 1244 et
501 1205 626 1254 applicatio
645 1205 799 1243 hermeneuti-

34 1268 75 1295 cae
89 1255 141 1304 ejus
155 1258 288 1306 regularum
302 1257 326 1296 in
340 1257 423 1306 quovis
438 1269 496 1296 casu
510 1257 618 1307 speciali3
632 1257 716 1306 partim
731 1257 799 1295 certi-

33 1309 101 1356 tudo,
116 1310 218 1348 ambitus
232 1312 254 1348 et
268 1310 390 1348 subtilitas,
400 1309 563 1357 scientiarum,
578 1310 663 1358 quibus
678 1309 797 1358 praeditus

34 1362 64 1399 ad
79 1361 276 1411 interpretationis
291 1362 408 1409 negotium
423 1363 524 1409 accedit,
544 1364 566 1399 et
580 1373 760 1409 nunquamnon
774 1362 798 1399 in

33 1412 136 1464 periculo
150 1415 270 1461 versatur,
289 1425 317 1452 ue
332 1414 398 1452 alius
408 1414 461 1453 aliis
475 1414 588 1453 subsidiis
603 1413 714 1452 adhibitis
728 1414 798 1452 inter-

33 1466 185 1517 pretationem
199 1465 251 1515 ejus
266 1466 330 1505 brevi
344 1469 439 1506 evertat.

377 1584 397 1634 c.
415 1582 452 1623 17.

55 1639 95 1682 vlu.
106 1650 165 1682 Satisfit
176 1651 292 1691 objectionibus
304 1662 323 1682 ae
335 1652 385 1683 dubiis
398 1657 452 1683 contra
463 1652 608 1693 interpretationem
621 1651 715 1683 catholicam
726 1653 778 1683 rnotis.

89 1730 179 1779 object.
194 1731 214 1769 i.
228 1733 262 1770 Ab
277 1732 441 1782 interpretibus
456 1732 577 1771 catholicis
592 1733 674 1781 duplex
688 1732 800 1771 statuitur

36 1795 169 1833 suprcmum
183 1785 368 1824 hermeneuticue
386 1785 535 1834 principium,
554 1786 662 1822 nimirum
678 1796 799 1823 commuue
850 1796 852 1798 ’

37 1837 88 1874 coll.
103 1836 124 1884 S.
138 1837 160 1883 8,
175 1837 198 1874 et'
212 1837 350 1874 catholicum
366 1838 417 1875 coll.
432 1837 452 1884 §.
470 1837 503 1875 15.
522 1837 647 1886 Perper-am
663 1840 740 1875 autem
755 1837 800 1874 hoc

37 1888 98 1935 heri,
117 1888 185 1927 facile
199 1888 350 1938 perspicitur3
369 1891 409 1927 aut
424 1890 483 1928 enirn
498 1900 619 1927 commune
634 1889 799 1938 interpretandi

37 1939 173 1989 principium
187 1950 269 1978 revera
283 1943 323 1978 est
333 1951 467 1990 supremum
482 1953 510 1979 ac
526 1941 671 1987 universale,
691 1943 731 1978 aut
745 1951 799 1977 non.

37 1991 62 2029 si
76 1992 174 2041 primum
188 1993 264 2030 locum
282 1993 363 2040 habet,
382 1993 522 2031 catholicum
541 2005 588 2041 qua
605 1992 748 2041 superfluum
763 1994 800 2030 est

37 2044 216 2091 repudiandum3
231 2044 314 2092 quodsi
328 2046 426 2082 alterum
441 2045 572 2083 detenditur
582 2046 621 2081 aut
632 2045 715 2082 saltem
729 2044 801 2094 tacite

38 2095 177 2142 admittitur,
197 2107 318 2134 commune
336 2108 382 2145 qua
401 2096 545 2134 insulliciens
564 2098 586 2134 et
604 2096 746 2134 necessariis
761 2096 801 2133 do-

38 2147 99 2186 tibus
114 2145 248 2198 destitntum
263 2151 299 2187 est
312 2148 470 2196 rejiciendum.

91 2200 159 2250 Resp.
182 2201 231 2239 Non
246 2202 275 2239 ab
290 2202 397 2240 omnibus
415 2200 570 2240 hermeneutis
586 2201 707 2239 catholicis
722 2201 801 2239 catho-

38 2251 107 2291 licum
121 2264 135 2292 a
154 2253 269 2292 communi
288 2252 454 2304 interpretandi
472 2252 585 2304 principio
604 2254 682 2302 quoad
700 2254 800 2292 formam

39 2305 108 2344 etiam
122 2308 145 2345 et
159 2317 268 2356 expresse
282 2306 405 2357 distingui,
424 2318 497 2357 opera
515 2307 544 2345 ab
562 2306 665 2356 Arigler‚
683 2306 800 2346 Unterltir-

39 2359 105 2407 cher,
124 2359 224 2399 hochnis
243 2361 267 2399 et
285 2359 338 2398 aliis
357 2360 420 2399 edita
433 2360 525 2400 abunde
539 2360 629 2399 docent.
649 2361 692 2399 Ast
706 2362 728 2398 et
742 2360 800 2397 haee

39 2414 120 2453 nostra
134 2413 218 2462 agendi
231 2415 254 2452 et
264 2412 419 2463 distinguendi
429 2414 489 2452 ratio
499 2412 598 2453 feliciter
606 2413 719 2452 vindicari
729 2423 800 2461 posse

38 2464 136 2505 videtur.
153 2466 211 2504 Nam
225 2466 364 2505 catholicum
378 2466 545 2515 interpretandi
559 2467 695 2516 principium
709 2477 724 2503 a
738 2476 800 2503 com-

39 2519 102 2557 muni
116 2519 193 2568 quoad
206 2519 306 2558 sormam
320 2519 412 2567 quidem
427 2519 511 2568 differt,
526 2521 603 2569 quoad
613 2519 733 2557 materiam
745 2529 801 2557 vero

40 2580 86 2610 non
100 2574 143 2619 est,
157 2570 203 2610 nisi
217 2571 270 2620 eius
284 2572 421 2622 applicatio,
436 2584 496 2621 qnae
510 2584 537 2611 ex
551 2583 583 2611 ss.
597 2572 709 2610 librorum
723 2571 801 2610 indole

41 2633 165 2674 corumque
183 2624 295 2664 relatione
314 2625 509 2666 adtraditionem
528 2624 681 2672 apostolicam
700 2636 743 2663 seu
765 2636 800 2662 ec·

42 2675 127 2716 clesiae
141 2675 270 2715 catholicae
284 2678 413 2716 doctrinam
427 2679 509 2726 sponte
523 2677 627 2714 resultat.
644 2676 721 2715 Etenim
740 2679 801 2725 ipsum

42 2738 140 2767 commune
161 2729 315 2766 hermeneuticae
336 2731 448 2779 principium
471 2730 593 2777 interpretem
616 2727 710 2768 rationem
732 2730 802 2767 hahere
