<?xml version="1.0" encoding="UTF-8"?>
<!DOCTYPE html PUBLIC "-//W3C//DTD XHTML 1.0 Transitional//EN"
    "http://www.w3.org/TR/xhtml1/DTD/xhtml1-transitional.dtd">
<html xmlns="http://www.w3.org/1999/xhtml" xml:lang="en" lang="en">
 <head>
  <title>
</title>
<meta http-equiv="Content-Type" content="text/html;charset=utf-8" />
  <meta name='ocr-system' content='tesseract 3.04.00' />
  <meta name='ocr-capabilities' content='ocr_page ocr_carea ocr_par ocr_line ocrx_word'/>
</head>
<body>
  <div class='ocr_page' id='page_1' title='image "./MN41624ucmf_7_0239.png"; bbox 0 0 1787 2921; ppageno 0'>
   <div class='ocr_carea' id='block_1_1' title="bbox 30 91 873 2065">
    <p class='ocr_par' dir='ltr' id='par_1_1' title="bbox 71 91 834 287">
     <span class='ocr_line' id='line_1_1' title="bbox 789 91 834 130; baseline 0 0"><span class='ocrx_word' id='word_1_1' title='bbox 789 91 834 130; x_wconf 70' lang='grc'>205</span> 
     </span>
     <span class='ocr_line' id='line_1_2' title="bbox 71 181 834 234; baseline 0.007 -15"><span class='ocrx_word' id='word_1_2' title='bbox 71 181 177 231; x_wconf 87' lang='lat' dir='ltr'>subjecto,</span> <span class='ocrx_word' id='word_1_3' title='bbox 190 182 234 221; x_wconf 86' lang='lat' dir='ltr'>talia</span> <span class='ocrx_word' id='word_1_4' title='bbox 252 183 394 233; x_wconf 87' lang='lat' dir='ltr'>adtribuuntur,</span> <span class='ocrx_word' id='word_1_5' title='bbox 413 196 462 234; x_wconf 89' lang='lat' dir='ltr'>quae</span> <span class='ocrx_word' id='word_1_6' title='bbox 481 185 546 223; x_wconf 86' lang='lat' dir='ltr'>lacere</span> <span class='ocrx_word' id='word_1_7' title='bbox 564 186 594 224; x_wconf 83' lang='lat' dir='ltr'>vir</span> <span class='ocrx_word' id='word_1_8' title='bbox 613 186 683 233; x_wconf 89' lang='lat' dir='ltr'>probus</span> <span class='ocrx_word' id='word_1_9' title='bbox 702 186 834 234; x_wconf 81' lang='lat' dir='ltr'>erubesceret,</span> 
     </span>
     <span class='ocr_line' id='line_1_3' title="bbox 70 234 689 290; baseline 0.002 -18.002"><span class='ocrx_word' id='word_1_10' title='bbox 70 234 109 272; x_wconf 89' lang='lat' dir='ltr'>imo</span> <span class='ocrx_word' id='word_1_11' title='bbox 124 239 173 284; x_wconf 79' lang='lat' dir='ltr'>qua‘e</span> <span class='ocrx_word' id='word_1_12' title='bbox 187 237 260 284; x_wconf 82' lang='lat' dir='ltr'>absque</span> <span class='ocrx_word' id='word_1_13' title='bbox 274 237 355 290; x_wconf 89' lang='lat' dir='ltr'>pudoris</span> <span class='ocrx_word' id='word_1_14' title='bbox 366 239 453 275; x_wconf 91' lang='lat' dir='ltr'>laesione</span> <span class='ocrx_word' id='word_1_15' title='bbox 466 237 506 287; x_wconf 87' lang='lat' dir='ltr'>logi</span> <span class='ocrx_word' id='word_1_16' title='bbox 519 240 553 275; x_wconf 80' lang='lat' dir='ltr'>vix</span> <span class='ocrx_word' id='word_1_17' title='bbox 566 242 689 285; x_wconf 89' lang='lat' dir='ltr'>possunt.-</span> 
     </span>
    </p>

    <p class='ocr_par' dir='ltr' id='par_1_2' title="bbox 30 285 840 805">
     <span class='ocr_line' id='line_1_4' title="bbox 124 285 836 348; baseline 0.003 -22"><span class='ocrx_word' id='word_1_18' title='bbox 124 289 147 336; x_wconf 82' lang='grc' dir='ltr'>β)</span> <span class='ocrx_word' id='word_1_19' title='bbox 161 288 278 348; x_wconf 84' lang='lat' dir='ltr'>Respeclu</span> <span class='ocrx_word' id='word_1_20' title='bbox 291 285 415 338; x_wconf 81' lang='lat' dir='ltr'>temporis.</span> <span class='ocrx_word' id='word_1_21' title='bbox 433 289 476 326; x_wconf 88' lang='lat' dir='ltr'>libri</span> <span class='ocrx_word' id='word_1_22' title='bbox 494 290 579 327; x_wconf 88' lang='lat' dir='ltr'>sacriV.</span> <span class='ocrx_word' id='word_1_23' title='bbox 593 288 614 325; x_wconf 88' lang='lat' dir='ltr'>F</span> <span class='ocrx_word' id='word_1_24' title='bbox 628 300 666 336; x_wconf 92' lang='lat' dir='ltr'>quo</span> <span class='ocrx_word' id='word_1_25' title='bbox 680 293 725 325; x_wconf 90' lang='lat' dir='ltr'>sunt</span> <span class='ocrx_word' id='word_1_26' title='bbox 738 291 836 339; x_wconf 87' lang='lat' dir='ltr'>antiquio-</span> 
     </span>
     <span class='ocr_line' id='line_1_5' title="bbox 71 341 838 401; baseline 0.004 -25"><span class='ocrx_word' id='word_1_27' title='bbox 71 348 112 385; x_wconf 73' lang='grc' dir='ltr'>ιιι,</span> <span class='ocrx_word' id='word_1_28' title='bbox 126 351 150 377; x_wconf 91' lang='lat' dir='ltr'>eo</span> <span class='ocrx_word' id='word_1_29' title='bbox 164 342 256 388; x_wconf 78' lang='lat' dir='ltr'>pauciora</span> <span class='ocrx_word' id='word_1_30' title='bbox 270 342 369 378; x_wconf 75' lang='lat' dir='ltr'>continent</span> <span class='ocrx_word' id='word_1_31' title='bbox 383 342 474 378; x_wconf 85' lang='lat' dir='ltr'>miracula</span> <span class='ocrx_word' id='word_1_32' title='bbox 483 342 595 388; x_wconf 87' lang='lat' dir='ltr'>simpliciter</span> <span class='ocrx_word' id='word_1_33' title='bbox 604 341 726 388; x_wconf 86' lang='lat' dir='ltr'>breviterque</span> <span class='ocrx_word' id='word_1_34' title='bbox 735 342 838 401; x_wconf 87' lang='lat' dir='ltr'>descripta,</span> 
     </span>
     <span class='ocr_line' id='line_1_6' title="bbox 72 392 837 453; baseline 0.005 -27"><span class='ocrx_word' id='word_1_35' title='bbox 72 400 132 449; x_wconf 83' lang='lat' dir='ltr'>quae,</span> <span class='ocrx_word' id='word_1_36' title='bbox 146 392 164 428; x_wconf 91' lang='lat' dir='ltr'>si</span> <span class='ocrx_word' id='word_1_37' title='bbox 177 401 204 427; x_wconf 92' lang='lat' dir='ltr'>ss.</span> <span class='ocrx_word' id='word_1_38' title='bbox 218 392 327 428; x_wconf 89' lang='lat' dir='ltr'>auctoribus</span> <span class='ocrx_word' id='word_1_39' title='bbox 342 393 443 441; x_wconf 75' lang='lat' dir='ltr'>mythicum</span> <span class='ocrx_word' id='word_1_40' title='bbox 458 392 527 429; x_wconf 88' lang='lat' dir='ltr'>luisset</span> <span class='ocrx_word' id='word_1_41' title='bbox 541 393 634 439; x_wconf 91' lang='lat' dir='ltr'>studium,</span> <span class='ocrx_word' id='word_1_42' title='bbox 654 392 671 428; x_wconf 90' lang='lat' dir='ltr'>si</span> <span class='ocrx_word' id='word_1_43' title='bbox 684 394 774 440; x_wconf 80' lang='lat' dir='ltr'>genuinis</span> <span class='ocrx_word' id='word_1_44' title='bbox 788 405 837 453; x_wconf 89' lang='lat' dir='ltr'>spu-</span> 
     </span>
     <span class='ocr_line' id='line_1_7' title="bbox 30 442 838 496; baseline 0.005 -18"><span class='ocrx_word' id='word_1_45' title='bbox 30 476 32 478; x_wconf 80' lang='lat'>.</span> <span class='ocrx_word' id='word_1_46' title='bbox 72 442 111 488; x_wconf 88' lang='lat' dir='ltr'>ria,</span> <span class='ocrx_word' id='word_1_47' title='bbox 129 443 181 479; x_wconf 89' lang='lat' dir='ltr'>veris</span> <span class='ocrx_word' id='word_1_48' title='bbox 196 442 250 490; x_wconf 86' lang='lat' dir='ltr'>licta,</span> <span class='ocrx_word' id='word_1_49' title='bbox 269 444 326 480; x_wconf 88' lang='lat' dir='ltr'>certis</span> <span class='ocrx_word' id='word_1_50' title='bbox 340 444 428 496; x_wconf 82' lang='lat' dir='ltr'>fabulosa</span> <span class='ocrx_word' id='word_1_51' title='bbox 442 444 549 481; x_wconf 81' lang='lat' dir='ltr'>admiscere</span> <span class='ocrx_word' id='word_1_52' title='bbox 562 444 681 489; x_wconf 83' lang='lat' dir='ltr'>voluissent,</span> <span class='ocrx_word' id='word_1_53' title='bbox 700 444 720 480; x_wconf 90' lang='lat' dir='ltr'>in</span> <span class='ocrx_word' id='word_1_54' title='bbox 737 455 786 492; x_wconf 95' lang='lat' dir='ltr'>opus</span> <span class='ocrx_word' id='word_1_55' title='bbox 800 446 838 482; x_wconf 89' lang='lat' dir='ltr'>im-</span> 
     </span>
     <span class='ocr_line' id='line_1_8' title="bbox 57 490 838 555; baseline 0.004 -26"><span class='ocrx_word' id='word_1_56' title='bbox 57 503 151 540; x_wconf 86' lang='lat' dir='ltr'>mensae</span> <span class='ocrx_word' id='word_1_57' title='bbox 169 494 225 531; x_wconf 91' lang='lat' dir='ltr'>molis</span> <span class='ocrx_word' id='word_1_58' title='bbox 244 490 360 532; x_wconf 84' lang='lat' dir='ltr'>excrescere</span> <span class='ocrx_word' id='word_1_59' title='bbox 378 497 495 544; x_wconf 69' lang='lat' dir='ltr'>potuissent,</span> <span class='ocrx_word' id='word_1_60' title='bbox 514 491 619 533; x_wconf 82' lang='lat' dir='ltr'>seriorihus</span> <span class='ocrx_word' id='word_1_61' title='bbox 639 499 702 531; x_wconf 88' lang='lat' dir='ltr'>autem</span> <span class='ocrx_word' id='word_1_62' title='bbox 721 496 838 555; x_wconf 84' lang='lat' dir='ltr'>temporibus</span> 
     </span>
     <span class='ocr_line' id='line_1_9' title="bbox 72 544 839 596; baseline 0.004 -15"><span class='ocrx_word' id='word_1_63' title='bbox 72 544 127 593; x_wconf 89' lang='lat' dir='ltr'>plura</span> <span class='ocrx_word' id='word_1_64' title='bbox 140 545 231 584; x_wconf 89' lang='lat' dir='ltr'>miracula</span> <span class='ocrx_word' id='word_1_65' title='bbox 244 546 335 596; x_wconf 86' lang='lat' dir='ltr'>leguntur</span> <span class='ocrx_word' id='word_1_66' title='bbox 348 551 431 596; x_wconf 86' lang='lat' dir='ltr'>patrata,</span> <span class='ocrx_word' id='word_1_67' title='bbox 450 548 494 595; x_wconf 88' lang='lat' dir='ltr'>quia</span> <span class='ocrx_word' id='word_1_68' title='bbox 508 558 575 585; x_wconf 89' lang='lat' dir='ltr'>eorum</span> <span class='ocrx_word' id='word_1_69' title='bbox 589 546 734 584; x_wconf 85' lang='lat' dir='ltr'>efficiendorum</span> <span class='ocrx_word' id='word_1_70' title='bbox 748 548 839 585; x_wconf 90' lang='lat' dir='ltr'>necessi-</span> 
     </span>
     <span class='ocr_line' id='line_1_10' title="bbox 72 598 838 649; baseline 0.003 -15"><span class='ocrx_word' id='word_1_71' title='bbox 72 600 102 634; x_wconf 87' lang='lat' dir='ltr'>tas</span> <span class='ocrx_word' id='word_1_72' title='bbox 120 598 181 647; x_wconf 88' lang='lat' dir='ltr'>major</span> <span class='ocrx_word' id='word_1_73' title='bbox 197 603 217 635; x_wconf 93' lang='lat' dir='ltr'>et</span> <span class='ocrx_word' id='word_1_74' title='bbox 234 601 316 647; x_wconf 90' lang='lat' dir='ltr'>repetita</span> <span class='ocrx_word' id='word_1_75' title='bbox 335 601 406 647; x_wconf 88' lang='lat' dir='ltr'>aderat.</span> <span class='ocrx_word' id='word_1_76' title='bbox 394 599 496 636; x_wconf 83' lang='lat' dir='ltr'>tContra</span> <span class='ocrx_word' id='word_1_77' title='bbox 515 605 578 637; x_wconf 92' lang='lat' dir='ltr'>autem</span> <span class='ocrx_word' id='word_1_78' title='bbox 596 599 680 647; x_wconf 81' lang='lat' dir='ltr'>mythica</span> <span class='ocrx_word' id='word_1_79' title='bbox 699 601 785 648; x_wconf 89' lang='lat' dir='ltr'>gentium</span> <span class='ocrx_word' id='word_1_80' title='bbox 798 600 838 649; x_wconf 87' lang='lat' dir='ltr'>fig-</span> 
     </span>
     <span class='ocr_line' id='line_1_11' title="bbox 73 650 838 700; baseline 0.004 -14"><span class='ocrx_word' id='word_1_81' title='bbox 73 654 143 697; x_wconf 91' lang='lat' dir='ltr'>menta,</span> <span class='ocrx_word' id='word_1_82' title='bbox 157 654 228 698; x_wconf 89' lang='lat' dir='ltr'>quanto</span> <span class='ocrx_word' id='word_1_83' title='bbox 243 654 287 688; x_wconf 91' lang='lat' dir='ltr'>sunt</span> <span class='ocrx_word' id='word_1_84' title='bbox 300 652 411 697; x_wconf 89' lang='lat' dir='ltr'>vetustiora,</span> <span class='ocrx_word' id='word_1_85' title='bbox 425 655 479 688; x_wconf 90' lang='lat' dir='ltr'>tanto</span> <span class='ocrx_word' id='word_1_86' title='bbox 493 650 624 700; x_wconf 68' lang='lat' dir='ltr'>frequentiora</span> <span class='ocrx_word' id='word_1_87' title='bbox 638 654 657 688; x_wconf 91' lang='lat' dir='ltr'>et</span> <span class='ocrx_word' id='word_1_88' title='bbox 671 652 731 700; x_wconf 90' lang='lat' dir='ltr'>magis</span> <span class='ocrx_word' id='word_1_89' title='bbox 740 652 838 700; x_wconf 86' lang='lat' dir='ltr'>paradoxa</span> 
     </span>
     <span class='ocr_line' id='line_1_12' title="bbox 73 703 840 763; baseline 0.004 -24"><span class='ocrx_word' id='word_1_90' title='bbox 73 704 202 751; x_wconf 86' lang='lat' dir='ltr'>reperiuntur,</span> <span class='ocrx_word' id='word_1_91' title='bbox 217 703 306 763; x_wconf 88' lang='lat' dir='ltr'>quoniam</span> <span class='ocrx_word' id='word_1_92' title='bbox 319 703 456 754; x_wconf 81' lang='lat' dir='ltr'>progrediente</span> <span class='ocrx_word' id='word_1_93' title='bbox 471 703 584 752; x_wconf 88' lang='lat' dir='ltr'>populorum</span> <span class='ocrx_word' id='word_1_94' title='bbox 598 703 672 741; x_wconf 88' lang='lat' dir='ltr'>cultura</span> <span class='ocrx_word' id='word_1_95' title='bbox 684 703 780 742; x_wconf 89' lang='lat' dir='ltr'>historicis</span> <span class='ocrx_word' id='word_1_96' title='bbox 794 704 840 742; x_wconf 90' lang='lat' dir='ltr'>ficta</span> 
     </span>
     <span class='ocr_line' id='line_1_13' title="bbox 74 755 739 805; baseline 0.002 -12"><span class='ocrx_word' id='word_1_97' title='bbox 74 755 144 802; x_wconf 89' lang='lat' dir='ltr'>rarius,</span> <span class='ocrx_word' id='word_1_98' title='bbox 159 759 178 793; x_wconf 93' lang='lat' dir='ltr'>et</span> <span class='ocrx_word' id='word_1_99' title='bbox 190 757 242 793; x_wconf 85' lang='lat' dir='ltr'>veris</span> <span class='ocrx_word' id='word_1_100' title='bbox 258 757 325 794; x_wconf 89' lang='lat' dir='ltr'>saltem</span> <span class='ocrx_word' id='word_1_101' title='bbox 338 757 449 795; x_wconf 83' lang='lat' dir='ltr'>verisimilia</span> <span class='ocrx_word' id='word_1_102' title='bbox 463 756 582 804; x_wconf 88' lang='lat' dir='ltr'>frequentius</span> <span class='ocrx_word' id='word_1_103' title='bbox 596 756 739 805; x_wconf 84' lang='lat' dir='ltr'>adjiciebantur.</span> 
     </span>
    </p>

    <p class='ocr_par' dir='ltr' id='par_1_3' title="bbox 37 808 841 1331">
     <span class='ocr_line' id='line_1_14' title="bbox 127 808 839 858; baseline 0.001 -11.015"><span class='ocrx_word' id='word_1_104' title='bbox 127 808 260 857; x_wconf 69' lang='lat' dir='ltr'>illatione</span> <span class='ocrx_word' id='word_1_105' title='bbox 278 809 343 849; x_wconf 82' lang='lat' dir='ltr'>llinis:</span> <span class='ocrx_word' id='word_1_106' title='bbox 362 810 452 848; x_wconf 89' lang='lat' dir='ltr'>miracula</span> <span class='ocrx_word' id='word_1_107' title='bbox 467 809 535 847; x_wconf 87' lang='lat' dir='ltr'>biblica</span> <span class='ocrx_word' id='word_1_108' title='bbox 549 809 645 847; x_wconf 85' lang='lat' dir='ltr'>habehant</span> <span class='ocrx_word' id='word_1_109' title='bbox 658 820 738 858; x_wconf 89' lang='lat' dir='ltr'>scopum</span> <span class='ocrx_word' id='word_1_110' title='bbox 751 810 793 848; x_wconf 91' lang='lat' dir='ltr'>Deo</span> <span class='ocrx_word' id='word_1_111' title='bbox 808 811 839 848; x_wconf 91' lang='lat' dir='ltr'>di-</span> 
     </span>
     <span class='ocr_line' id='line_1_15' title="bbox 37 862 841 911; baseline 0.005 -13"><span class='ocrx_word' id='word_1_112' title='bbox 37 870 39 872; x_wconf 83' lang='lat'>·</span> <span class='ocrx_word' id='word_1_113' title='bbox 75 872 143 911; x_wconf 85' lang='lat' dir='ltr'>gnum,</span> <span class='ocrx_word' id='word_1_114' title='bbox 162 863 328 901; x_wconf 84' lang='lat' dir='ltr'>conservationem</span> <span class='ocrx_word' id='word_1_115' title='bbox 347 864 421 901; x_wconf 90' lang='lat' dir='ltr'>scilicet</span> <span class='ocrx_word' id='word_1_116' title='bbox 439 862 573 900; x_wconf 88' lang='lat' dir='ltr'>monotheismi</span> <span class='ocrx_word' id='word_1_117' title='bbox 592 866 612 900; x_wconf 91' lang='lat' dir='ltr'>et</span> <span class='ocrx_word' id='word_1_118' title='bbox 631 862 692 900; x_wconf 87' lang='lat' dir='ltr'>cultus</span> <span class='ocrx_word' id='word_1_119' title='bbox 709 863 751 900; x_wconf 91' lang='lat' dir='ltr'>veri</span> <span class='ocrx_word' id='word_1_120' title='bbox 768 863 826 901; x_wconf 80' lang='lat' dir='ltr'>Dei¹</span> <span class='ocrx_word' id='word_1_121' title='bbox 820 876 841 902; x_wconf 88' lang='grc' dir='ltr'>ιιι</span> 
     </span>
     <span class='ocr_line' id='line_1_16' title="bbox 75 911 840 965; baseline 0.004 -14"><span class='ocrx_word' id='word_1_122' title='bbox 75 915 147 963; x_wconf 91' lang='lat' dir='ltr'>populo</span> <span class='ocrx_word' id='word_1_123' title='bbox 162 915 267 962; x_wconf 86' lang='lat' dir='ltr'>obstinaci,</span> <span class='ocrx_word' id='word_1_124' title='bbox 286 915 310 952; x_wconf 93' lang='lat' dir='ltr'>ad</span> <span class='ocrx_word' id='word_1_125' title='bbox 329 916 469 953; x_wconf 89' lang='lat' dir='ltr'>indololatriam</span> <span class='ocrx_word' id='word_1_126' title='bbox 482 911 544 963; x_wconf 80' lang='lat' dir='ltr'>pron&#39;o</span> <span class='ocrx_word' id='word_1_127' title='bbox 559 919 579 952; x_wconf 94' lang='lat' dir='ltr'>et</span> <span class='ocrx_word' id='word_1_128' title='bbox 593 916 656 952; x_wconf 89' lang='lat' dir='ltr'>cincto</span> <span class='ocrx_word' id='word_1_129' title='bbox 671 915 771 965; x_wconf 89' lang='lat' dir='ltr'>gentibus,</span> <span class='ocrx_word' id='word_1_130' title='bbox 791 928 840 965; x_wconf 91' lang='lat' dir='ltr'>quae</span> 
     </span>
     <span class='ocr_line' id='line_1_17' title="bbox 76 968 840 1013; baseline 0.005 -10"><span class='ocrx_word' id='word_1_131' title='bbox 76 972 239 1005; x_wconf 85' lang='lat' dir='ltr'>commutaverunt</span> <span class='ocrx_word' id='word_1_132' title='bbox 251 969 351 1006; x_wconf 88' lang='lat' dir='ltr'>veritatem</span> <span class='ocrx_word' id='word_1_133' title='bbox 367 968 423 1006; x_wconf 89' lang='lat' dir='ltr'>Dei</span> <span class='ocrx_word' id='word_1_134' title='bbox 418 980 437 1005; x_wconf 93' lang='lat' dir='ltr'>m</span> <span class='ocrx_word' id='word_1_135' title='bbox 450 968 580 1013; x_wconf 87' lang='lat' dir='ltr'>mendacium,</span> <span class='ocrx_word' id='word_1_136' title='bbox 600 971 620 1005; x_wconf 90' lang='lat' dir='ltr'>et</span> <span class='ocrx_word' id='word_1_137' title='bbox 612 968 739 1005; x_wconf 89' lang='lat' dir='ltr'>tcoluerunt</span> <span class='ocrx_word' id='word_1_138' title='bbox 757 973 776 1006; x_wconf 91' lang='lat' dir='ltr'>et</span> <span class='ocrx_word' id='word_1_139' title='bbox 795 981 840 1007; x_wconf 89' lang='lat' dir='ltr'>ser-</span> 
     </span>
     <span class='ocr_line' id='line_1_18' title="bbox 75 1020 841 1069; baseline 0.005 -13"><span class='ocrx_word' id='word_1_140' title='bbox 75 1020 152 1057; x_wconf 83' lang='lat' dir='ltr'>vierunt</span> <span class='ocrx_word' id='word_1_141' title='bbox 170 1024 269 1057; x_wconf 84' lang='lat' dir='ltr'>creaturae</span> <span class='ocrx_word' id='word_1_142' title='bbox 289 1022 363 1069; x_wconf 90' lang='lat' dir='ltr'>potius,</span> <span class='ocrx_word' id='word_1_143' title='bbox 382 1032 438 1069; x_wconf 89' lang='lat' dir='ltr'>quam</span> <span class='ocrx_word' id='word_1_144' title='bbox 457 1022 539 1058; x_wconf 84' lang='lat' dir='ltr'>creatori</span> <span class='ocrx_word' id='word_1_145' title='bbox 558 1020 724 1068; x_wconf 70' lang='lat' dir='ltr'>(Rom.1,25.);</span> <span class='ocrx_word' id='word_1_146' title='bbox 742 1021 780 1059; x_wconf 92' lang='lat' dir='ltr'>imo</span> <span class='ocrx_word' id='word_1_147' title='bbox 798 1023 841 1060; x_wconf 91' lang='lat' dir='ltr'>veri</span> 
     </span>
     <span class='ocr_line' id='line_1_19' title="bbox 76 1071 839 1122; baseline 0.004 -14"><span class='ocrx_word' id='word_1_148' title='bbox 76 1071 113 1108; x_wconf 89' lang='lat' dir='ltr'>Dei</span> <span class='ocrx_word' id='word_1_149' title='bbox 127 1073 211 1122; x_wconf 81' lang='lat' dir='ltr'>cognitio</span> <span class='ocrx_word' id='word_1_150' title='bbox 226 1084 249 1110; x_wconf 87' lang='lat' dir='ltr'>ac</span> <span class='ocrx_word' id='word_1_151' title='bbox 262 1075 362 1111; x_wconf 89' lang='lat' dir='ltr'>veneratio</span> <span class='ocrx_word' id='word_1_152' title='bbox 380 1074 401 1110; x_wconf 89' lang='lat' dir='ltr'>iu</span> <span class='ocrx_word' id='word_1_153' title='bbox 417 1073 488 1121; x_wconf 89' lang='lat' dir='ltr'>populo</span> <span class='ocrx_word' id='word_1_154' title='bbox 505 1073 583 1121; x_wconf 85' lang='lat' dir='ltr'>Judaico</span> <span class='ocrx_word' id='word_1_155' title='bbox 601 1073 674 1120; x_wconf 87' lang='lat' dir='ltr'>absque</span> <span class='ocrx_word' id='word_1_156' title='bbox 688 1074 788 1110; x_wconf 86' lang='lat' dir='ltr'>eventibus</span> <span class='ocrx_word' id='word_1_157' title='bbox 803 1086 839 1111; x_wconf 85' lang='lat' dir='ltr'>ex-</span> 
     </span>
     <span class='ocr_line' id='line_1_20' title="bbox 77 1124 840 1174; baseline 0.004 -13"><span class='ocrx_word' id='word_1_158' title='bbox 77 1124 219 1171; x_wconf 88' lang='lat' dir='ltr'>traordinariis,</span> <span class='ocrx_word' id='word_1_159' title='bbox 234 1125 370 1174; x_wconf 89' lang='lat' dir='ltr'>omnipotentia</span> <span class='ocrx_word' id='word_1_160' title='bbox 384 1125 448 1162; x_wconf 84' lang='lat' dir='ltr'>divina</span> <span class='ocrx_word' id='word_1_161' title='bbox 462 1126 556 1172; x_wconf 89' lang='lat' dir='ltr'>causatis,</span> <span class='ocrx_word' id='word_1_162' title='bbox 574 1136 600 1162; x_wconf 90' lang='lat' dir='ltr'>ne</span> <span class='ocrx_word' id='word_1_163' title='bbox 615 1124 750 1173; x_wconf 88' lang='lat' dir='ltr'>comprehendi</span> <span class='ocrx_word' id='word_1_164' title='bbox 764 1126 840 1174; x_wconf 86' lang='lat' dir='ltr'>quidem</span> 
     </span>
     <span class='ocr_line' id='line_1_21' title="bbox 77 1177 840 1227; baseline 0.004 -14"><span class='ocrx_word' id='word_1_165' title='bbox 77 1180 97 1213; x_wconf 91' lang='lat' dir='ltr'>et</span> <span class='ocrx_word' id='word_1_166' title='bbox 110 1177 202 1226; x_wconf 86' lang='lat' dir='ltr'>explicari</span> <span class='ocrx_word' id='word_1_167' title='bbox 215 1181 287 1226; x_wconf 89' lang='lat' dir='ltr'>posset.</span> <span class='ocrx_word' id='word_1_168' title='bbox 307 1177 344 1215; x_wconf 89' lang='lat' dir='ltr'>Ast</span> <span class='ocrx_word' id='word_1_169' title='bbox 361 1177 449 1227; x_wconf 88' lang='lat' dir='ltr'>prodigia</span> <span class='ocrx_word' id='word_1_170' title='bbox 463 1177 562 1226; x_wconf 82' lang='lat' dir='ltr'>gentilium</span> <span class='ocrx_word' id='word_1_171' title='bbox 580 1177 631 1214; x_wconf 91' lang='lat' dir='ltr'>edita</span> <span class='ocrx_word' id='word_1_172' title='bbox 644 1182 755 1224; x_wconf 89' lang='lat' dir='ltr'>narrantur,</span> <span class='ocrx_word' id='word_1_173' title='bbox 773 1183 795 1215; x_wconf 90' lang='lat' dir='ltr'>ut</span> <span class='ocrx_word' id='word_1_174' title='bbox 813 1179 840 1217; x_wconf 91' lang='lat' dir='ltr'>dii</span> 
     </span>
     <span class='ocr_line' id='line_1_22' title="bbox 77 1228 839 1278; baseline 0.004 -12"><span class='ocrx_word' id='word_1_175' title='bbox 77 1228 163 1278; x_wconf 86' lang='lat' dir='ltr'>deaeque</span> <span class='ocrx_word' id='word_1_176' title='bbox 181 1230 315 1277; x_wconf 86' lang='lat' dir='ltr'>cupiditatibus</span> <span class='ocrx_word' id='word_1_177' title='bbox 331 1231 371 1268; x_wconf 91' lang='lat' dir='ltr'>suis</span> <span class='ocrx_word' id='word_1_178' title='bbox 389 1229 477 1273; x_wconf 82' lang='lat' dir='ltr'>nefandis</span> <span class='ocrx_word' id='word_1_179' title='bbox 491 1229 635 1276; x_wconf 86' lang='lat' dir='ltr'>satisfacerent,</span> <span class='ocrx_word' id='word_1_180' title='bbox 654 1229 728 1266; x_wconf 88' lang='lat' dir='ltr'>libidini</span> <span class='ocrx_word' id='word_1_181' title='bbox 741 1241 788 1268; x_wconf 91' lang='lat' dir='ltr'>suae</span> <span class='ocrx_word' id='word_1_182' title='bbox 803 1231 839 1269; x_wconf 91' lang='lat' dir='ltr'>ob-</span> 
     </span>
     <span class='ocr_line' id='line_1_23' title="bbox 77 1276 722 1331; baseline 0 -13"><span class='ocrx_word' id='word_1_183' title='bbox 77 1291 167 1328; x_wconf 88' lang='lat' dir='ltr'>scoenae,</span> <span class='ocrx_word' id='word_1_184' title='bbox 182 1281 291 1323; x_wconf 84' lang='lat' dir='ltr'>iracundiae</span> <span class='ocrx_word' id='word_1_185' title='bbox 306 1276 363 1320; x_wconf 83' lang='lat' dir='ltr'>imani</span> <span class='ocrx_word' id='word_1_186' title='bbox 376 1286 396 1320; x_wconf 91' lang='lat' dir='ltr'>et</span> <span class='ocrx_word' id='word_1_187' title='bbox 409 1282 516 1330; x_wconf 79' lang='lat' dir='ltr'>zelotypiae</span> <span class='ocrx_word' id='word_1_188' title='bbox 530 1282 581 1330; x_wconf 91' lang='lat' dir='ltr'>turpi</span> <span class='ocrx_word' id='word_1_189' title='bbox 593 1281 722 1331; x_wconf 89' lang='lat' dir='ltr'>indulgerent.</span> 
     </span>
    </p>

    <p class='ocr_par' dir='ltr' id='par_1_4' title="bbox 31 1333 873 1893">
     <span class='ocr_line' id='line_1_24' title="bbox 130 1333 841 1383; baseline 0.001 -12.017"><span class='ocrx_word' id='word_1_190' title='bbox 130 1333 283 1383; x_wconf 81' lang='lat' dir='ltr'>o)ltaspeotu</span> <span class='ocrx_word' id='word_1_191' title='bbox 295 1333 350 1373; x_wconf 84' lang='lat' dir='ltr'>fidei</span> <span class='ocrx_word' id='word_1_192' title='bbox 363 1334 476 1372; x_wconf 83' lang='lat' dir='ltr'>tributae·</span> <span class='ocrx_word' id='word_1_193' title='bbox 490 1333 622 1370; x_wconf 88' lang='lat' dir='ltr'>miraculisV.</span> <span class='ocrx_word' id='word_1_194' title='bbox 636 1333 656 1370; x_wconf 89' lang='lat' dir='ltr'>F</span> <span class='ocrx_word' id='word_1_195' title='bbox 670 1333 718 1370; x_wconf 91' lang='lat' dir='ltr'>fides</span> <span class='ocrx_word' id='word_1_196' title='bbox 733 1345 757 1371; x_wconf 88' lang='lat' dir='ltr'>eo</span> <span class='ocrx_word' id='word_1_197' title='bbox 769 1334 841 1372; x_wconf 87' lang='lat' dir='ltr'>firmior</span> 
     </span>
     <span class='ocr_line' id='line_1_25' title="bbox 77 1385 840 1446; baseline 0.001 -24"><span class='ocrx_word' id='word_1_198' title='bbox 77 1388 108 1422; x_wconf 88' lang='lat' dir='ltr'>est</span> <span class='ocrx_word' id='word_1_199' title='bbox 120 1385 195 1432; x_wconf 90' lang='lat' dir='ltr'>habita,</span> <span class='ocrx_word' id='word_1_200' title='bbox 214 1397 252 1434; x_wconf 90' lang='lat' dir='ltr'>quo</span> <span class='ocrx_word' id='word_1_201' title='bbox 270 1387 339 1446; x_wconf 75' lang='lat' dir='ltr'>magis</span> <span class='ocrx_word' id='word_1_202' title='bbox 350 1386 431 1435; x_wconf 91' lang='lat' dir='ltr'>populus</span> <span class='ocrx_word' id='word_1_203' title='bbox 448 1385 562 1434; x_wconf 85' lang='lat' dir='ltr'>Judaicus&#39;</span> <span class='ocrx_word' id='word_1_204' title='bbox 556 1396 577 1422; x_wconf 92' lang='lat' dir='ltr'>m</span> <span class='ocrx_word' id='word_1_205' title='bbox 595 1385 669 1422; x_wconf 88' lang='lat' dir='ltr'>cultura</span> <span class='ocrx_word' id='word_1_206' title='bbox 683 1396 725 1423; x_wconf 87' lang='lat' dir='ltr'>sua</span> <span class='ocrx_word' id='word_1_207' title='bbox 732 1387 840 1424; x_wconf 90' lang='lat' dir='ltr'>omnimoda</span> 
     </span>
     <span class='ocr_line' id='line_1_26' title="bbox 78 1437 843 1489; baseline 0.004 -16.048"><span class='ocrx_word' id='word_1_208' title='bbox 78 1439 120 1473; x_wconf 89' lang='lat' dir='ltr'>erat</span> <span class='ocrx_word' id='word_1_209' title='bbox 130 1448 257 1487; x_wconf 87' lang='lat' dir='ltr'>progressus;</span> <span class='ocrx_word' id='word_1_210' title='bbox 272 1437 339 1474; x_wconf 89' lang='lat' dir='ltr'>hinc&#39;</span> <span class='ocrx_word' id='word_1_211' title='bbox 326 1449 350 1476; x_wconf 90' lang='lat' dir='ltr'>ns</span> <span class='ocrx_word' id='word_1_212' title='bbox 358 1439 377 1475; x_wconf 90' lang='lat' dir='ltr'>in</span> <span class='ocrx_word' id='word_1_213' title='bbox 387 1438 473 1474; x_wconf 89' lang='lat' dir='ltr'>favorem</span> <span class='ocrx_word' id='word_1_214' title='bbox 482 1438 546 1486; x_wconf 91' lang='lat' dir='ltr'>gentis</span> <span class='ocrx_word' id='word_1_215' title='bbox 556 1448 603 1475; x_wconf 90' lang='lat' dir='ltr'>suae</span> <span class='ocrx_word' id='word_1_216' title='bbox 613 1438 691 1484; x_wconf 89' lang='lat' dir='ltr'>patratis</span> <span class='ocrx_word' id='word_1_217' title='bbox 706 1438 843 1489; x_wconf 87' lang='lat' dir='ltr'>sapientissimi</span> 
     </span>
     <span class='ocr_line' id='line_1_27' title="bbox 77 1488 873 1538; baseline 0.004 -14"><span class='ocrx_word' id='word_1_218' title='bbox 77 1488 159 1536; x_wconf 90' lang='lat' dir='ltr'>quique,</span> <span class='ocrx_word' id='word_1_219' title='bbox 173 1491 194 1525; x_wconf 90' lang='lat' dir='ltr'>ut</span> <span class='ocrx_word' id='word_1_220' title='bbox 211 1489 264 1526; x_wconf 87' lang='lat' dir='ltr'>Philo</span> <span class='ocrx_word' id='word_1_221' title='bbox 282 1488 338 1526; x_wconf 81' lang='lat' dir='ltr'>Alex.</span> <span class='ocrx_word' id='word_1_222' title='bbox 356 1489 436 1538; x_wconf 89' lang='lat' dir='ltr'>gloriari</span> <span class='ocrx_word' id='word_1_223' title='bbox 453 1499 492 1525; x_wconf 91' lang='lat' dir='ltr'>non</span> <span class='ocrx_word' id='word_1_224' title='bbox 510 1488 659 1533; x_wconf 88' lang='lat' dir='ltr'>erubescebant;</span> <span class='ocrx_word' id='word_1_225' title='bbox 679 1488 766 1526; x_wconf 86' lang='lat' dir='ltr'>ethnicos</span> <span class='ocrx_word' id='word_1_226' title='bbox 785 1501 840 1537; x_wconf 93' lang='lat' dir='ltr'>vero,</span> <span class='ocrx_word' id='word_1_227' title='bbox 871 1497 873 1500; x_wconf 84' lang='grc'><strong><em>·</em></strong></span> 
     </span>
     <span class='ocr_line' id='line_1_28' title="bbox 31 1539 841 1600; baseline 0.003 -25"><span class='ocrx_word' id='word_1_228' title='bbox 31 1577 32 1580; x_wconf 15' lang='lat'>¹</span> <span class='ocrx_word' id='word_1_229' title='bbox 78 1550 138 1576; x_wconf 91' lang='lat' dir='ltr'>sensu</span> <span class='ocrx_word' id='word_1_230' title='bbox 150 1540 231 1577; x_wconf 91' lang='lat' dir='ltr'>naturali</span> <span class='ocrx_word' id='word_1_231' title='bbox 245 1540 320 1587; x_wconf 89' lang='lat' dir='ltr'>ductos,</span> <span class='ocrx_word' id='word_1_232' title='bbox 334 1544 472 1589; x_wconf 87' lang='lat' dir='ltr'>portentorum,</span> <span class='ocrx_word' id='word_1_233' title='bbox 487 1550 536 1586; x_wconf 89' lang='lat' dir='ltr'>quae</span> <span class='ocrx_word' id='word_1_234' title='bbox 551 1551 561 1576; x_wconf 90' lang='lat' dir='ltr'>a</span> <span class='ocrx_word' id='word_1_235' title='bbox 576 1539 612 1576; x_wconf 87' lang='lat' dir='ltr'>diis</span> <span class='ocrx_word' id='word_1_236' title='bbox 627 1550 693 1576; x_wconf 91' lang='lat' dir='ltr'>eorum</span> <span class='ocrx_word' id='word_1_237' title='bbox 707 1539 787 1577; x_wconf 90' lang='lat' dir='ltr'>editam</span> <span class='ocrx_word' id='word_1_238' title='bbox 788 1552 841 1600; x_wconf 76' lang='lat' dir='ltr'>my-</span> 
     </span>
     <span class='ocr_line' id='line_1_29' title="bbox 77 1588 841 1640; baseline 0.003 -14"><span class='ocrx_word' id='word_1_239' title='bbox 77 1588 169 1640; x_wconf 85' lang='lat' dir='ltr'>thologiis</span> <span class='ocrx_word' id='word_1_240' title='bbox 183 1592 368 1639; x_wconf 87' lang='lat' dir='ltr'>praetendebantur,</span> <span class='ocrx_word' id='word_1_241' title='bbox 382 1592 455 1640; x_wconf 90' lang='lat' dir='ltr'>pudere</span> <span class='ocrx_word' id='word_1_242' title='bbox 469 1591 543 1638; x_wconf 88' lang='lat' dir='ltr'>coepit,</span> <span class='ocrx_word' id='word_1_243' title='bbox 558 1591 707 1638; x_wconf 87' lang='lat' dir='ltr'>quamprimum</span> <span class='ocrx_word' id='word_1_244' title='bbox 722 1601 828 1628; x_wconf 84' lang='lat' dir='ltr'>samon</span> <span class='ocrx_word' id='word_1_245' title='bbox 806 1603 841 1639; x_wconf 92' lang='lat' dir='ltr'>J</span> 
     </span>
     <span class='ocr_line' id='line_1_30' title="bbox 78 1641 840 1692; baseline 0.001 -13"><span class='ocrx_word' id='word_1_246' title='bbox 78 1641 128 1680; x_wconf 91' lang='lat' dir='ltr'>dicio</span> <span class='ocrx_word' id='word_1_247' title='bbox 143 1642 198 1680; x_wconf 88' lang='lat' dir='ltr'>locus</span> <span class='ocrx_word' id='word_1_248' title='bbox 212 1647 242 1681; x_wconf 91' lang='lat' dir='ltr'>est</span> <span class='ocrx_word' id='word_1_249' title='bbox 255 1643 328 1692; x_wconf 84' lang='lat' dir='ltr'>iactus,</span> <span class='ocrx_word' id='word_1_250' title='bbox 346 1644 373 1681; x_wconf 90' lang='lat' dir='ltr'>ita</span> <span class='ocrx_word' id='word_1_251' title='bbox 387 1647 408 1680; x_wconf 93' lang='lat' dir='ltr'>ut</span> <span class='ocrx_word' id='word_1_252' title='bbox 421 1646 470 1680; x_wconf 89' lang='lat' dir='ltr'>teste</span> <span class='ocrx_word' id='word_1_253' title='bbox 485 1641 579 1680; x_wconf 80' lang='lat' dir='ltr'>Cicerone</span> <span class='ocrx_word' id='word_1_254' title='bbox 594 1653 633 1679; x_wconf 91' lang='lat' dir='ltr'>non</span> <span class='ocrx_word' id='word_1_255' title='bbox 647 1642 738 1679; x_wconf 88' lang='lat' dir='ltr'>deessent</span> <span class='ocrx_word' id='word_1_256' title='bbox 752 1643 840 1692; x_wconf 91' lang='lat' dir='ltr'>philoso-</span> 
     </span>
     <span class='ocr_line' id='line_1_31' title="bbox 77 1694 840 1745; baseline 0.004 -14"><span class='ocrx_word' id='word_1_257' title='bbox 77 1694 116 1743; x_wconf 88' lang='lat' dir='ltr'>phi,</span> <span class='ocrx_word' id='word_1_258' title='bbox 131 1696 162 1743; x_wconf 94' lang='lat' dir='ltr'>qui</span> <span class='ocrx_word' id='word_1_259' title='bbox 177 1706 200 1733; x_wconf 92' lang='lat' dir='ltr'>ea</span> <span class='ocrx_word' id='word_1_260' title='bbox 214 1707 251 1745; x_wconf 92' lang='lat' dir='ltr'>ope</span> <span class='ocrx_word' id='word_1_261' title='bbox 261 1696 423 1744; x_wconf 91' lang='lat' dir='ltr'>interpretationis</span> <span class='ocrx_word' id='word_1_262' title='bbox 433 1695 556 1745; x_wconf 89' lang='lat' dir='ltr'>allegoricae,</span> <span class='ocrx_word' id='word_1_263' title='bbox 570 1694 616 1732; x_wconf 91' lang='lat' dir='ltr'>licet</span> <span class='ocrx_word' id='word_1_264' title='bbox 624 1694 703 1737; x_wconf 83' lang='lat' dir='ltr'>historia</span> <span class='ocrx_word' id='word_1_265' title='bbox 713 1700 840 1745; x_wconf 85' lang='lat' dir='ltr'>repugnante,</span> 
     </span>
     <span class='ocr_line' id='line_1_32' title="bbox 78 1747 841 1798; baseline 0 -13"><span class='ocrx_word' id='word_1_266' title='bbox 78 1748 193 1795; x_wconf 78' lang='lat' dir='ltr'>symbolicas</span> <span class='ocrx_word' id='word_1_267' title='bbox 208 1752 278 1786; x_wconf 89' lang='lat' dir='ltr'>tantum</span> <span class='ocrx_word' id='word_1_268' title='bbox 292 1748 370 1796; x_wconf 85' lang='lat' dir='ltr'>aliarum</span> <span class='ocrx_word' id='word_1_269' title='bbox 379 1749 480 1785; x_wconf 86' lang='lat' dir='ltr'>veritatum</span> <span class='ocrx_word' id='word_1_270' title='bbox 486 1748 675 1796; x_wconf 82' lang='lat' dir='ltr'>&#39;repraesentationes</span> <span class='ocrx_word' id='word_1_271' title='bbox 684 1747 778 1798; x_wconf 88' lang='lat' dir='ltr'>haherent</span> <span class='ocrx_word' id='word_1_272' title='bbox 787 1753 841 1786; x_wconf 91' lang='lat' dir='ltr'>trac-</span> 
     </span>
     <span class='ocr_line' id='line_1_33' title="bbox 78 1800 842 1852; baseline 0.004 -15"><span class='ocrx_word' id='word_1_273' title='bbox 78 1803 185 1850; x_wconf 89' lang='lat' dir='ltr'>tarentque.</span> <span class='ocrx_word' id='word_1_274' title='bbox 199 1800 293 1845; x_wconf 80' lang='lat' dir='ltr'>Quantum</span> <span class='ocrx_word' id='word_1_275' title='bbox 307 1812 354 1852; x_wconf 89' lang='lat' dir='ltr'>crgo</span> <span class='ocrx_word' id='word_1_276' title='bbox 369 1800 472 1839; x_wconf 86' lang='lat' dir='ltr'>discrimen</span> <span class='ocrx_word' id='word_1_277' title='bbox 483 1800 602 1839; x_wconf 89' lang='lat' dir='ltr'>ethnicorum</span> <span class='ocrx_word' id='word_1_278' title='bbox 615 1803 704 1849; x_wconf 90' lang='lat' dir='ltr'>portenta</span> <span class='ocrx_word' id='word_1_279' title='bbox 718 1801 768 1839; x_wconf 89' lang='lat' dir='ltr'>inter</span> <span class='ocrx_word' id='word_1_280' title='bbox 781 1804 801 1839; x_wconf 89' lang='lat' dir='ltr'>et</span> <span class='ocrx_word' id='word_1_281' title='bbox 814 1812 842 1840; x_wconf 89' lang='lat' dir='ltr'>ss.</span> 
     </span>
     <span class='ocr_line' id='line_1_34' title="bbox 77 1853 477 1893; baseline 0.003 -1"><span class='ocrx_word' id='word_1_282' title='bbox 77 1853 100 1892; x_wconf 93' lang='lat' dir='ltr'>V.</span> <span class='ocrx_word' id='word_1_283' title='bbox 114 1853 134 1892; x_wconf 90' lang='lat' dir='ltr'>F.</span> <span class='ocrx_word' id='word_1_284' title='bbox 148 1854 240 1893; x_wconf 92' lang='lat' dir='ltr'>librorum</span> <span class='ocrx_word' id='word_1_285' title='bbox 253 1854 354 1893; x_wconf 79' lang='lat' dir='ltr'>miraculal</span> <span class='ocrx_word' id='word_1_286' title='bbox 475 1861 477 1864; x_wconf 82' lang='grc'><strong>’</strong></span> 
     </span>
    </p>

    <p class='ocr_par' dir='ltr' id='par_1_5' title="bbox 79 1895 843 2065">
     <span class='ocr_line' id='line_1_35' title="bbox 133 1895 843 1957; baseline 0 -11"><span class='ocrx_word' id='word_1_287' title='bbox 133 1895 217 1947; x_wconf 80' lang='lat' dir='ltr'>Hine&#39;</span> <span class='ocrx_word' id='word_1_288' title='bbox 210 1919 235 1947; x_wconf 89' lang='grc' dir='ltr'>ιιι</span> <span class='ocrx_word' id='word_1_289' title='bbox 252 1900 280 1947; x_wconf 90' lang='lat' dir='ltr'>V.</span> <span class='ocrx_word' id='word_1_290' title='bbox 298 1907 322 1946; x_wconf 92' lang='lat' dir='ltr'>F.</span> <span class='ocrx_word' id='word_1_291' title='bbox 341 1918 433 1957; x_wconf 82' lang='lat' dir='ltr'>quoque</span> <span class='ocrx_word' id='word_1_292' title='bbox 450 1906 543 1956; x_wconf 86' lang='lat' dir='ltr'>mythos</span> <span class='ocrx_word' id='word_1_293' title='bbox 561 1905 714 1956; x_wconf 84' lang='lat' dir='ltr'>relinquimus</span> <span class='ocrx_word' id='word_1_294' title='bbox 734 1906 780 1955; x_wconf 90' lang='lat' dir='ltr'>eis,</span> <span class='ocrx_word' id='word_1_295' title='bbox 802 1906 843 1956; x_wconf 81' lang='lat' dir='ltr'>qui</span> 
     </span>
     <span class='ocr_line' id='line_1_36' title="bbox 79 1959 842 2020; baseline -0.001 -20"><span class='ocrx_word' id='word_1_296' title='bbox 79 1961 190 2000; x_wconf 89' lang='lat' dir='ltr'>mundum</span> <span class='ocrx_word' id='word_1_297' title='bbox 208 1960 254 2000; x_wconf 91' lang='lat' dir='ltr'>sibi</span> <span class='ocrx_word' id='word_1_298' title='bbox 272 1961 404 2010; x_wconf 78' lang='lat' dir='ltr'>confingere</span> <span class='ocrx_word' id='word_1_299' title='bbox 421 1960 522 2006; x_wconf 86' lang='lat' dir='ltr'>malunt,</span> <span class='ocrx_word' id='word_1_300' title='bbox 542 1970 613 2009; x_wconf 87' lang='lat' dir='ltr'>quam</span> <span class='ocrx_word' id='word_1_301' title='bbox 631 1971 646 1998; x_wconf 88' lang='lat' dir='ltr'>a</span> <span class='ocrx_word' id='word_1_302' title='bbox 663 1959 712 1998; x_wconf 86' lang='lat' dir='ltr'>Deo</span> <span class='ocrx_word' id='word_1_303' title='bbox 730 1962 842 2020; x_wconf 85' lang='lat' dir='ltr'>creatum,</span> 
     </span>
     <span class='ocr_line' id='line_1_37' title="bbox 79 2010 537 2065; baseline -0.009 -11"><span class='ocrx_word' id='word_1_304' title='bbox 79 2014 218 2065; x_wconf 87' lang='lat' dir='ltr'>dispositum</span> <span class='ocrx_word' id='word_1_305' title='bbox 229 2011 261 2052; x_wconf 87' lang='lat' dir='ltr'>‘ao</span> <span class='ocrx_word' id='word_1_306' title='bbox 274 2014 364 2052; x_wconf 85' lang='lat' dir='ltr'>rectum</span> <span class='ocrx_word' id='word_1_307' title='bbox 377 2023 505 2062; x_wconf 81' lang='lat' dir='ltr'>agnoscere</span> <span class='ocrx_word' id='word_1_308' title='bbox 512 2010 537 2062; x_wconf 83' lang='lat'>¹)</span> 
     </span>
    </p>
   </div>
   <div class='ocr_carea' id='block_1_2' title="bbox 101 2140 842 2250">
    <p class='ocr_par' dir='ltr' id='par_1_6' title="bbox 101 2140 842 2250">
     <span class='ocr_line' id='line_1_38' title="bbox 101 2140 842 2228; baseline -0.003 -27.973"><span class='ocrx_word' id='word_1_309' title='bbox 101 2140 163 2208; x_wconf 65' lang='lat' dir='ltr'>ficit.</span> <span class='ocrx_word' id='word_1_310' title='bbox 174 2169 260 2199; x_wconf 88' lang='lat' dir='ltr'>llofmann.</span> <span class='ocrx_word' id='word_1_311' title='bbox 272 2167 393 2199; x_wconf 85' lang='lat' dir='ltr'>Hermeneutica</span> <span class='ocrx_word' id='word_1_312' title='bbox 404 2165 443 2198; x_wconf 90' lang='lat' dir='ltr'>bibl</span> <span class='ocrx_word' id='word_1_313' title='bbox 455 2165 496 2196; x_wconf 85' lang='lat' dir='ltr'>cath.</span> <span class='ocrx_word' id='word_1_314' title='bbox 507 2176 544 2207; x_wconf 88' lang='lat' dir='ltr'>pag</span> <span class='ocrx_word' id='word_1_315' title='bbox 553 2167 589 2198; x_wconf 77' lang='lat'>236.</span> <span class='ocrx_word' id='word_1_316' title='bbox 595 2176 641 2207; x_wconf 81' lang='lat' dir='ltr'>seqq.</span> <span class='ocrx_word' id='word_1_317' title='bbox 652 2165 720 2196; x_wconf 87' lang='lat' dir='ltr'>Bleeh&#39;</span> <span class='ocrx_word' id='word_1_318' title='bbox 715 2176 739 2197; x_wconf 88' lang='lat' dir='ltr'>m:</span> <span class='ocrx_word' id='word_1_319' title='bbox 750 2167 842 2228; x_wconf 75' lang='lat' dir='ltr'>Programm</span> 
     </span>
     <span class='ocr_line' id='line_1_39' title="bbox 133 2208 513 2250; baseline -0.011 -8"><span class='ocrx_word' id='word_1_320' title='bbox 133 2221 162 2243; x_wconf 85' lang='lat' dir='ltr'>zur</span> <span class='ocrx_word' id='word_1_321' title='bbox 173 2210 281 2242; x_wconf 84' lang='lat' dir='ltr'>Geburtafeier</span> <span class='ocrx_word' id='word_1_322' title='bbox 292 2209 321 2240; x_wconf 85' lang='lat' dir='ltr'>des</span> <span class='ocrx_word' id='word_1_323' title='bbox 333 2210 397 2250; x_wconf 79' lang='lat' dir='ltr'>llonigs.</span> <span class='ocrx_word' id='word_1_324' title='bbox 408 2208 455 2239; x_wconf 88' lang='lat' dir='ltr'>Bonn</span> <span class='ocrx_word' id='word_1_325' title='bbox 467 2208 513 2240; x_wconf 75' lang='lat'>1836.</span> 
     </span>
    </p>
   </div>
   <div class='ocr_carea' id='block_1_3' title="bbox 332 2445 592 2480">
    <p class='ocr_par' dir='ltr' id='par_1_7' title="bbox 332 2445 592 2480">
     <span class='ocr_line' id='line_1_40' title="bbox 332 2445 592 2480; baseline -0.027 -2"><span class='ocrx_word' id='word_1_326' title='bbox 332 2445 592 2480; x_wconf 46' lang='lat' dir='ltr'>-Wfflffifflffi—</span> 
     </span>
    </p>
   </div>
   <div class='ocr_carea' id='block_1_4' title="bbox 0 0 909 2921">
    <p class='ocr_par' dir='ltr' id='par_1_8' title="bbox 0 0 909 2921">
     <span class='ocr_line' id='line_1_41' title="bbox 0 0 909 2921; baseline 0 0"><span class='ocrx_word' id='word_1_327' title='bbox 0 0 909 2921; x_wconf 95' lang='lat' dir='ltr'> </span> 
     </span>
    </p>
   </div>
  </div>
 </body>
</html>
