1787 2921
757 98 798 138 131
824 129 827 133 ,

39 200 180 236 res-eorum,
187 190 332 238 praesertim
339 191 496 239 antiquiores,
510 192 644 240 plerumque
653 205 692 232 res
701 196 723 232 et
732 206 800 232 even-

38 246 75 281 tus
90 251 137 279 non
151 242 219 288 nude,
233 242 327 280 sedita
336 243 477 290 deseribunt,
491 246 517 280 ut
530 244 599 281 simul
613 245 700 283 motiva
715 249 800 284 eteon·

39 292 93 334 silia
113 293 242 343 agentium,
265 306 337 333 sensa
357 294 539 346 affectionesque
559 296 695 346 patientium
715 310 800 348 eogno-

37 348 140 389 scantur

90 400 153 440 ldem
166 402 230 440 valet
243 402 277 443 de
285 402 423 452 itinerariis3
441 404 495 442 licet
513 415 613 453 namque
630 405 702 444 multo
720 417 799 445 recen-

37 442 99 493 tiora
113 454 171 501 sint,
191 465 261 501 quam
274 457 300 492 ut
313 458 386 493 testes
401 459 472 504 agant
486 458 570 495 aetatis
585 457 695 496 biblicae.
713 460 799 506 tamen,

39 503 110 555 quum
124 505 255 543 orientales
274 506 323 543 sere
341 507 426 554 ubique
442 507 490 545 sibi
504 510 614 557 aequales
634 521 687 548 esse
701 511 799 558 soleant,

39 568 87 596 non
103 567 201 612 prorsus
220 556 348 603 rejicienda
361 560 422 596 suut.
444 560 496 602 Quae
510 561 548 597 sint
562 572 628 598 eorum
642 563 751 610 praecipua,
766 574 800 599 ar-

39 602 151 658 ehaeologia
166 609 229 645 docet.

91 723 124 764 lle
138 724 230 764 cultura
239 723 368 774 loquentis,
383 717 498 779 qrratenus
513 724 587 764 induit

155 794 184 843 Β)
197 794 220 833 iu
230 794 348 833 'orationis
362 795 469 833 sormam.

384 890 404 938 §—
422 872 458 928 ro}

363 956 469 996 Conspectus.

94 1029 181 1074 Quod'de
189 1030 275 1067 culturae
280 1024 386 1078 loquentis,
397 1027 489 1079 [prutenus
500 1029 559 1066 influit
568 1030 586 1066 in
596 1031 687 1067 orationis
700 1031 804 1078 materiam,

41 1085 140 1134 interpreti
155 1094 181 1122 ss.
195 1083 299 1121 litterarum
314 1082 448 1147 respiciendae
461 1083 576 1122 necessitate
591 1083 682 1131 diximus,
700 1084 723 1122 de
738 1084 804 1123 eidem

42 1140 97 1175 etiarn
106 1138 164 1181 valet,
180 1142 273 1186 quatenus
282 1136 357 1175 influit'
351 1149 375 1175 ιιι
389 1136 502 1176 orationis
516 1137 583 1175 form
578 1136 623 1184 ιιιι,
637 1149 678 1187 per
692 1149 762 1186 quam
770 1137 804 1176 in-

41 1190 167 1238 telligimus
175 1189 299 1234 seribendi,
307 1201 346 1227 res
354 1189 489 1227 declarandi
497 1192 519 1227 et
526 1190 641 1227 referendi
649 1191 748 1228 modum.
757 1191 805 1227 Nam

42 1243 109 1278 modus
118 1242 150 1278 hic
157 1252 168 1277 a
176 1241 248 1278 cultura
257 1241 352 1277 litteraria
359 1242 460 1288 dependet,
471 1252 519 1299 quae
529 1242 548 1277 in
558 1242 638 1290 siugulis
647 1242 742 1278 hominurn
753 1243 805 1278 elas-

43 1293 102 1339 sibus,
117 1286 205 1331 diversis
214 1293 311 1329 aetatibus
321 1303 343 1328 ac
352 1293 491 1340 regionibus,
485 1303 522 1328 uno
533 1293 551 1328 in
562 1292 643 1328 diversis
653 1293 742 1351 personis
753 1295 807 1335 varia

43 1348 79 1392 est,
94 1345 131 1381 et
126 1355 145 1380 ιιι
160 1343 269 1381 auctoribus
284 1342 358 1380 biblicis
373 1349 405 1381 aut
419 1345 488 1390 tenuis,
503 1347 535 1380 aut
549 1344 596 1379 alius
611 1344 687 1392 generis
696 1343 737 1390 luit,
752 1355 808 1392 quam

42 1398 63 1435 in
77 1396 202 1446 scriptoribus
216 1397 283 1434 nostri·
296 1396 348 1443 aevi,
368 1396 391 1433 ad
411 1396 461 1445 quod
480 1396 497 1433 si
515 1395 546 1432 vel
564 1396 620 1444 plane
638 1406 686 1443 non,
704 1396 736 1433 vel
752 1397 806 1446 jrrsto

42 1451 104 1489 minus
119 1446 197 1489 attendit
211 1451 317 1499 interpres,
330 1450 350 1487 in
365 1461 441 1488 errores
456 1449 581 1501 gravissimos
596 1448 710 1498 deducatur,
724 1461 807 1488 necesse

44 1508 80 1542 est.
94 1504 121 1542 ln
135 1503 286 1552 sequentibus
300 1503 378 1552 itaque
393 1514 501 1552 agemus:
525 1541 527 1544 ,

79 1557 93 1592 Ι.
114 1555 147 1593 lte
161 1555 238 1593 indole
252 1555 370 1593 scribendi
384 1555 482 1593 rationis
496 1554 595 1592 biblicae
609 1554 807 1602 irregenereedein

75 1607 97 1644 ll.
117 1607 145 1652 de
159 1606 287 1655 impropria
301 1606 392 1644 dicendi
405 1603 495 1644 ratione
509 1606 626 1653 inspecie,
641 1611 660 1642 et
670 1606 744 1652 quidem
754 1606 774 1642 1.
784 1606 808 1643 in

117 1657 224 1705 singulis,
238 1657 259 1694 2.
274 1658 298 1695 in
312 1658 428 1707 continuis
443 1657 511 1695 dictis
526 1660 564 1702 (a)
578 1658 682 1705 allegoriis,
697 1659 719 1701 b)
729 1657 808 1705 symbo-

116 1709 139 1747 lis
154 1714 173 1746 et
188 1710 243 1758 typis,
258 1713 279 1755 c)
293 1710 389 1758 parabolis
404 1714 423 1747 et
437 1709 527 1754 fabulis),

72 1761 101 1801 lll.
116 1762 144 1801 de
159 1762 261 1812 gnomis3

73 1818 103 1855 lV.
118 1817 146 1855 de
161 1816 319 1865 ernpbasibus,
334 1813 354 1854 et

35 1919 39 1924 ,
77 1870 99 1907 V.
119 1870 147 1907 de
161 1869 219 1907 locis
233 1869 261 1907 V.
275 1870 298 1907 F.
313 1870 337 1908 in
350 1869 376 1907 N.
390 1870 416 1907 T.
430 1868 512 1907 obviis.

392 1983 412 2031 s.
426 1980 464 2036 so·
486 2010 487 2013 κ

206 2050 231 2081 De
241 2050 296 2081 iudole
307 2049 387 2091 scribendi
402 2049 467 2080 rationis
478 2047 546 2078 biblicae
557 2047 573 2076 in
585 2054 649 2086 genere,

100 2129 135 2168 Ad
149 2128 209 2168 bane
224 2126 384 2167 delineandam
398 2124 519 2175 sequeutia
533 2124 614 2162 sunto·

102 2182 122 2221 1.
136 2181 277 2233 Relationes,
292 2191 351 2229 quas
366 2179 483 2218 continent
496 2176 564 2228 primi
575 2176 734 2215 Hebraeorum
748 2176 808 2223 libri,
863 2184 866 2187 ·

48 2245 79 2273 ex
89 2246 117 2272 ea
131 2235 274 2272 descendunt
288 2235 372 2279 aetate,
386 2244 433 2280 qua
447 2242 520 2279 genus
534 2230 660 2267 lmmauunr
674 2230 749 2267 adhuc
758 2231 809 2266 erat

48 2286 73 2323 in
87 2288 151 2323 statu
165 2285 289 2330 infantiae,
308 2296 336 2321 ac
354 2283 450 2332 proinde
468 2283 493 2319 in
511 2281 589 2318 intimo
604 2281 717 2317 culturae·
721 2280 808 2320 littera-

48 2337 98 2374 riae
112 2336 199 2385 gradu,
218 2338 240 2373 et
258 2336 312 2373 lieet
329 2334 440 2371 veritates
459 2332 544 2371 summi
557 2331 667 2368 momenti
681 2341 708 2368 er
720 2334 808 2371 revela-

48 2388 111 2426 tione
131 2389 231 2426 haustas
251 2387 366 2432 referant,
389 2385 472 2423 modus
495 2386 573 2421 tamen
593 2382 646 2420 illas
667 2387 810 2430 proponendi

50 2451 121 2504 saepe
135 2441 243 2480 nontam
254 2436 382 2489 respondet
396 2448 477 2476 earum
496 2433 644 2481 sublimitati,
663 2443 732 2481 quam
750 2436 810 2479 litte-

49 2495 135 2534 rariae
140 2493 259 2533 bominum
272 2493 334 2533 illius
349 2491 401 2531 aevi
415 2491 531 2540 cirlturae3
545 2491 588 2528 hinc

103 2548 124 2586 2.
139 2547 224 2600 partim
238 2547 267 2585 ob
282 2546 403 2596 penuriam
416 2544 517 2594 linguae,
531 2541 614 2592 partim
629 2550 674 2588 quo
688 2539 768 2583 divina
777 2551 811 2587 at.

49 2601 138 2637 tributa
158 2610 283 2647 eorumque
306 2598 403 2636 effeetus
426 2595 569 2639 sensualium
591 2592 710 2630 bominum
733 2604 811 2647 captu,

51 2650 148 2699 propius
162 2650 342 2695 admoveantur,
361 2648 484 2686 admodum
498 2643 649 2692 frequenter·
643 2654 667 2680 ιιι
681 2655 714 2682 ss
728 2649 812 2694 litteris

52 2703 177 2739 occurrunt
191 2701 219 2738 dc
233 2701 281 2738 lieo
295 2699 456 2749 expressiones

648 2755 678 2792 94
