1765 2921
81 115 111 168 aa

135 215 158 257 u)
172 213 207 259 eis,
222 211 301 251 ludaeis
311 213 365 259 natis,
380 223 419 250 non
429 209 492 249 fuisse
500 222 563 250 curam
573 211 650 261 linguae
661 211 744 262 graecae
752 212 847 262 purioris3

137 266 159 310 h)
173 265 256 315 linguam
272 265 386 303 Graecorum
402 268 516 312 prostantem
530 264 577 302 nihil
592 264 695 311 obtulisse,
715 266 765 314 quod
784 266 847 314 signi—

83 317 161 355 ficandis
176 318 280 367 grandibus
298 321 317 355 et
335 316 445 355 sublimibus
458 317 562 366 religionis
582 316 695 354 christianae
711 318 847 366 phaenomenis

83 371 152 408 luisset
165 374 238 419 aptum3
253 374 317 407 eontra
332 373 394 406 autern
402 369 428 406 >in
442 370 531 406 versione
542 370 665 419 Septuaginta
677 370 715 417 jaun
727 369 847 419 prototypum

45 444 47 446 v
83 423 138 470 quasi
152 424 228 472 linguae
242 422 357 459 ludaeorum
372 432 454 471 graecae
469 421 563 468 adfuisse,
578 423 604 458 ita
617 426 638 458 ut
651 424 670 459 in
684 421 798 459 ludaeorum
813 433 848 458 re-

84 475 164 525 ligione,
179 476 208 511 eui
223 475 325 512 christiana
339 474 409 511 baseos
425 474 483 511 instar
492 474 612 522 innitebatur,
626 475 700 512 termini
709 475 796 525 religiosi
805 485 847 512 cuni

83 528 192 565 notionibus
206 527 303 577 religiosis
318 527 423 563 arctissime
435 527 474 575 jam
490 531 556 565 essent
570 528 670 577 complexi.

137 579 192 618 lude
205 590 261 617 vero
276 578 505 627 simul'intelligitur:

135 635 157 677 a)
172 631 198 669 lu
216 642 325 680 graecam
343 631 368 669 N.
387 631 412 668 Τ.
431 631 534 680 linguam
551 632 698 670 hebraismus
716 631 846 678 transiisse,

83 684 139 733 quin
154 694 206 722 cirin
216 683 334 722 norrnullis
340 684 492 722 statuendum
502 684 540 731 sit,
554 686 662 723 arrctores
672 695 754 723 sacros
764 694 847 732 graece

82 737 207 776 scribenda
221 735 286 786 priu's
301 735 409 774 hebraice
423 736 459 774 vel
474 736 591 774 ararnaiee
610 739 685 775 niente
704 734 846 785 corrccpisse,

21 794 40 830 ,’
83 800 143 838 quiae
162 789 277 828 sententia
295 788 373 838 utique
392 788 527 840 Apostolis,
543 788 600 826 Jesu
621 789 706 827 Christi
728 789 847 827 doctrinae

83 841 246 891 praeconibus,
261 844 297 879 est
311 841 412 889 indigna,
427 840 552 878 conditioni
567 851 646 878 eorunm
660 841 764 879 internae
779 843 801 879 et
811 852 847 879 ex·

82 895 163 932 ternae
183 892 312 942 eorrtraria,
334 892 443 942 operique
462 893 492 930 ab
511 892 569 941 ipsis
590 892 724 931 felicissime
744 894 847 943 perfeeto

82 956 228 995 repugnans;
254 990 261 993 Β

136 998 159 1046 β)
174 996 325 1036 llebraisnros
340 997 406 1045 apud,
416 993 488 1035 libere
506 995 635 1035 scribentes
653 997 679 1035 N.
693 997 719 1035 Τ,
738 999 847 1036 arretores

81 1060 178 1087 nrrrnero
192 1049 314 1098 pauciores
329 1060 464 1095 occurrere,
483 1059 553 1097 qrrarn
571 1049 595 1086 in
612 1049 759 1095 versionibus
773 1049 800 1087 V.
814 1049 846 1096 R,

83 1103 105 1139 et
119 1101 143 1139 iu
157 1100 299 1139 hellenistioe
313 1101 409 1139 excultis
424 1101 449 1139 N.
459 1100 484 1138 Τ.
499 1100 652 1149 scriptoribus
667 1105 703 1147 (ss.
718 1102 782 1147 Paulo,
796 1102 847 1138 Luca

84 1157 103 1190 et
115 1154 200 1198 loanne)
214 1153 292 1191 rarius
307 1153 417 1200 inveniri,
436 1164 505 1202 quam
524 1153 548 1190 in
566 1153 781 1198 Palaestinensibus
795 1164 847 1202 pro-

82 1206 132 1254 prie
146 1204 214 1243 dietis
229 1208 255 1250 (s.
269 1205 358 1242 Matthaei
372 1205 482 1253 interprete,
497 1215 512 1241 s.
527 1205 604 1250 Petro),
619 1205 717 1253 denique
764 1216 766 1219 ’

136 1260 156 1304 γ)
171 1267 217 1294 non
232 1267 312 1294 ornnes
327 1256 473 1294 hebraismus
492 1255 572 1307 insciis
591 1256 725 1294 auctoribus
744 1257 768 1294 in
781 1256 807 1294 Ν.
821 1257 847 1294 Τ.

83 1309 211 1358 migrasse,
231 1308 272 1346 sed
291 1309 377 1357 plures>
389 1308 494 1347 consulto
514 1318 566 1356 esse
585 1310 708 1354 aeternos,
719 1310 744 1346 ut
763 1310 785 1347 et
804 1309 848 1347 hoc

83 1362 152 1399 inodo
171 1362 297 1399 concentus
316 1371 335 1398 s.
354 1360 489 1409 Scripturae
510 1360 631 1409 utriusque
651 1361 783 1399 testamenti
802 1372 848 1399 nou

84 1413 108 1452 iu
122 1413 193 1452 rebus
208 1413 295 1460 solurn,
314 1413 355 1452 sed
369 1412 393 1452 in
407 1412 464 1462 ipsis
479 1424 570 1462 quoque
583 1412 662 1452 verbis
676 1412 848 1452 observaretur.

136 1466 226 1504 Revera
245 1467 322 1503 autern
341 1466 444 1514 linguam
462 1466 487 1503 il.
502 1466 527 1503 Τ.
544 1465 693 1512 hebraizare,
712 1466 785 1503 docet.
797 1469 846 1504 turn

84 1518 178 1557 habitus
193 1516 246 1565 ejus
261 1519 377 1563 externus,
391 1519 440 1556 turn
454 1517 543 1556 indoles
558 1516 655 1555 interna.

429 1633 449 1682 s.
466 1632 503 1672 ar.

339 1701 351 1732 l.
363 1700 420 1739 Quoad
429 1701 499 1732 habiturn
507 1707 594 1732 externum.

92 1815 94 1824 ,
137 1780 240 1829 Linguae
254 1780 279 1818 Ν.
293 1781 331 1828 Τ.,
345 1782 371 1819 ut
384 1781 515 1828 hebraicae,
529 1780 654 1831 peculiaris
668 1784 704 1821 est

138 1837 161 1879 a)
175 1834 370 1884 repraesentatio,
389 1846 436 1883 qua
453 1845 492 1873 res
511 1834 585 1873 oculis
604 1834 672 1884 quasi
691 1833 848 1882 subjiciuntur
867 1882 868 1885 Ἴ

85 1886 283 1933 (nnsu1autunnen);
304 1887 364 1925 urrde
385 1898 443 1926 usus
461 1887 659 1941 praepositionum
677 1888 729 1926 loco
750 1899 847 1933 casuum

34 1939 38 1942 ’
84 1939 224 1989 simplicium
233 1949 381 1987 graecorum3
390 1940 451 1978 urrde
460 1940 641 1979 circumstantiis
650 1942 761 1979 exornata
770 1951 846 1980 rerum

85 1991 212 2030 delineatio.
222 1991 400 2037 (Umstandticnnen
414 1992 448 2029 des
461 1992 596 2039 Ausdrucks);
609 2005 628 2030 v.
641 2005 661 2043 g.

139 2047 160 2090 a)
174 2045 285 2093 pltt'ascs:
300 2043 369 2093 φεύγειν
381 2043 419 2081 ἀπὸ
430 2043 521 2091 προσώπω
532 2046 581 2087 τινός
594 2044 655 2093 Apoc.
670 2045 702 2090 20,
718 2045 759 2091 ll,
773 2044 847 2094 podorem

85 2093 117 2132 tut
130 2097 189 2143 χειρός
201 2096 249 2139 τινός
262 2096 304 2135 Act.
320 2097 350 2144 15,
366 2097 408 2144 23.;
422 2097 489 2140 πάντες
502 2095 539 2133 sint
553 2101 619 2144 prepeti
631 2095 665 2139 ἕως
679 2096 757 2146 μεγάλου
770 2097 813 2136 Act.
827 2098 846 2141 8,

87 2148 129 2195 10.;
144 2148 175 2183 acl
188 2145 239 2183 ἔσται
253 2177 257 2185 .
273 2177 277 2185 .
292 2178 297 2186 ,
311 2151 342 2186 uui
353 2152 409 2198 ἐκχεῶ
422 2149 464 2187 Act.
479 2151 498 2192 2,
514 2149 544 2188 17.
559 2154 578 2187 et
591 2149 685 2196 similia32
777 2149 782 2153 ’

123 2200 162 2248 pt)
177 2199 277 2238 nonnula
290 2202 412 2240 narrandi:
427 2202 458 2237 unt
471 2202 538 2248 ἐγένετο
553 2212 615 2249 saep.;

139 2255 159 2300 γ)
174 2251 251 2301 posita
264 2254 401 2301 pronomina
412 2253 545 2302 personalia
555 2256 595 2291 aut
604 2254 786 2294 demonstrativa
794 2259 848 2305 post

85 2304 192 2345 relativa.
508 2338 511 2343 .
566 2310 567 2313 ’

139 2358 162 2403 b)
176 2356 330 2404 strnplieitas,
349 2358 395 2396 imo
409 2358 554 2405 nrorrotonia,
574 2370 619 2408 qua
633 2360 707 2407 logice
720 2359 796 2408 inagis
811 2372 848 2399 eo-

85 2408 227 2455 ordinando,
242 2419 312 2457 quarn
326 2410 503 2449 subordinando.
513 2411 697 2460 praepositiones
711 2414 848 2452 construun-

85 2463 131 2549 trlir,
146 2463 168 2500 et
181 2460 311 2500 sententiae
325 2461 445 2500 sententiis
459 2462 628 2511 adjunguntur,
643 2463 693 2500 unde
706 2466 726 2502 in
738 2465 761 2503 N.
776 2465 796 2502 Τ.
803 2476 848 2503 ‘en—

46 2529 48 2534 ⁴
86 2515 182 2562 picatur?

140 2569 162 2611 α)
176 2565 342 2614 frequentissimus
356 2565 460 2613 particulae
475 2567 505 2601 uni
519 2571 605 2604 etratus
619 2565 733 2616 reliquarum
752 2571 847 2619 conjunc-

71 2659 72 2662 ,
86 2617 158 2655 tionum
172 2629 224 2665 usus,
239 2629 318 2667 quarum
332 2619 415 2667 ipsarum
430 2617 498 2655 Graeci
511 2629 578 2668 inagna
592 2619 676 2668 gaudent
689 2623 754 2670 eopia,
770 2633 807 2671 quo
816 2617 847 2670 iit,

86 2672 108 2758 pt
122 2669 189 2757 oratiod‘
196 2669 264 2757 lporurn
277 2672 302 2709 sit
319 2671 418 2719 periodica
432 2673 452 2708 et
464 2670 555 2717 rotunda,
574 2671 606 2708 illa
619 2683 666 2712 vero
679 2673 702 2711 N.
716 2674 737 2711 Τ.
751 2674 848 2713 membra-

92 2734 119 2759 -rm
132 2732 176 2759 mee
189 2731 217 2766 a,
