1765 2921
66 97 110 137 1⁰8

65 205 135 245 sensus
149 206 189 233 non
202 194 226 233 ad
241 194 370 234 conditionem
384 195 487 244 loquentis,
501 196 537 235 sed
546 196 596 236 illius
606 196 713 248 exigendus
723 199 759 244 est,
774 196 830 246 cujus

38 274 42 278 f
64 248 142 286 nomine
156 247 176 285 fit
190 259 265 296 sermo,
273 261 298 287 v
312 261 331 299 g
345 248 377 286 Mt.
392 248 423 296 ll,
437 250 456 288 2.
470 249 489 287 3.
507 250 555 287 Hinc
570 251 643 289 solidae
657 250 737 300 regulae
749 250 829 299 junctim

65 301 203 349 proponendae
217 306 268 350 sunt,
283 301 387 340 secundum
402 313 452 350 quas
459 306 511 340 certo
521 305 651 352 cognoscitur,
665 303 697 340 ubi
712 303 753 350 quis
768 314 831 363 esua,

66 352 100 390 ubi
114 365 139 390 ex
153 353 234 391 aliorum
248 354 341 392 sententia
355 354 415 391 verba
425 354 496 401 faciat,
515 355 566 403 quod
586 356 685 405 eomagis
698 356 831 392 necessarium

66 405 168 453 invenitur,
184 417 241 455 quum
254 417 292 444 non
308 406 376 453 desint,
392 408 424 454 qui
438 411 528 455 statuant,
542 413 631 447 auctores
641 419 667 446 ss.
676 408 767 445 librorum
776 407 830 453 ltu,

66 461 86 494 et
100 457 269 509 Christumpipsum
283 459 396 506 saepissime
411 470 436 495 ex
450 459 528 497 aliorum
542 462 636 499 sententia
650 460 726 498 locutos
741 470 795 506 esse,
810 463 831 497 et

66 510 149 563 proinde
163 510 219 547 dictis
234 512 274 548 suis
288 521 327 547 non
341 511 438 560 propriam
451 523 474 550 ac
487 524 552 551 veram
567 513 682 561 doctrinam,
701 512 736 551 sed
750 512 830 549 aliorum

67 566 174 600 commenta
187 562 293 612 professos.

412 678 432 727 s.
450 675 487 718 oa.

154 742 186 774 Ubi
197 744 232 784 quis
243 752 297 783 esua,
308 743 336 774 ubi
347 753 367 775 ex
378 744 444 776 aliorum
455 747 533 777 sementia
543 746 588 788 loqui
600 745 691 777 censendus
703 744 747 788 esttl

119 821 201 861 Utrum
219 822 272 870 quis
290 833 303 861 e
322 834 366 861 sua
384 825 499 863 sententia
519 822 613 873 dixerit,
634 823 783 873 cognoscitur
803 833 831 861 ex

54 872 182 912 'dictorum
196 875 273 913 indole
287 876 350 913 etex
364 876 454 924 dicendi
468 877 544 915 modo.

120 925 144 962 A.
155 926 194 975 ,Ex
208 927 322 966 dictorum
336 927 412 966 indole
426 929 523 977 loquens
538 940 551 967 e
565 940 617 977 sua,
636 929 659 967 et
672 939 719 966 non
733 938 760 966 ex
774 927 831 966 alio-

67 988 120 1016 rum
134 979 249 1017 sententia
263 980 339 1018 dicere
353 981 483 1019 censendus
498 982 545 1019 esta

73 1063 75 1066 .
124 1030 144 1068 1.
159 1030 185 1069 Si
199 1031 322 1079 sententia,
337 1043 407 1080 quani
421 1033 445 1071 in
458 1033 559 1079 medium
572 1033 669 1082 profert,
683 1043 698 1070 ιι
711 1031 831 1081 principiis

69 1082 130 1120 alias
144 1085 182 1120 sat
196 1084 260 1121 clare
274 1084 304 1122 ab
318 1094 346 1121 eo
360 1085 487 1133 propositis
501 1096 548 1131 non
561 1087 651 1123 tantum
665 1094 712 1122 non
725 1084 832 1132 divergit,

69 1134 111 1176 sed
126 1133 160 1172 eis
174 1135 278 1184 apprime
293 1136 420 1174 conformis
434 1139 482 1185 est3
496 1137 590 1175 senlacta
601 1137 624 1175 ad
634 1136 693 1174 libros
703 1136 801 1174 sacrosN
811 1136 832 1174 T.

69 1187 205 1234 applicatione:
225 1183 390 1238 sustentanda,
405 1188 664 1238 quarucnrlstusrpse
678 1189 719 1226 aut
732 1187 833 1236 scriptor

69 1248 138 1275 sacer
151 1239 243 1287 pandit,
262 1251 277 1277 ιι
291 1234 449 1278 doctrinarum
467 1240 609 1289 reliquarum
626 1240 689 1278 clare
702 1239 833 1288 proposita·

69 1300 122 1327 runi
136 1300 229 1329 sunnna
242 1294 289 1329 non
302 1292 378 1329 solum
392 1303 439 1330 non
457 1293 556 1339 abludit,
575 1292 617 1330 sed
635 1291 712 1341 potius
733 1302 785 1329 curn
804 1302 833 1329 ea

34 1384 38 1389 p
69 1352 98 1379 ex
116 1352 171 1379 asse
189 1343 307 1390 corrvenit3
325 1354 367 1380 nam
383 1345 468 1392 quemvis
481 1344 576 1381 hominem
590 1355 637 1382 sana
650 1347 713 1381 mente
727 1344 833 1391 praeditum

70 1394 107 1439 sibi
121 1398 239 1432 constantem
254 1406 309 1442 esse,
327 1397 365 1433 nisi
381 1396 466 1433 rationes
480 1396 597 1434 sufficientes
616 1396 731 1433 contrarium
745 1395 833 1445 doceant,

69 1447 166 1493 praesumi
179 1450 250 1494 potest,
266 1447 359 1484 Christum
374 1459 420 1485 vero
436 1452 455 1484 et
469 1449 574 1496 scriptores
588 1457 654 1486 sacros
663 1448 700 1484 sibi
711 1458 834 1495 consequen-

69 1500 100 1538 tes
114 1497 181 1545 fuisse,
196 1498 343 1536 evidentissimis
358 1510 383 1536 ex
396 1499 501 1537 rationibus
516 1500 572 1537 statui
586 1499 649 1537 debet.

123 1549 145 1587 2.
163 1550 190 1588 Si
204 1550 319 1589 sententia
332 1551 385 1600 ipsa
402 1562 474 1598 nova,
493 1553 516 1589 et
534 1562 581 1589 non
598 1552 674 1589 solum
688 1549 755 1588 novis
769 1550 834 1588 addi·

69 1601 180 1640 tanrentis
194 1605 286 1649 ornata,
301 1604 341 1640 aut
355 1603 379 1641 in
392 1613 477 1641 novam
486 1603 586 1641 formam
595 1603 691 1641 redacta
701 1603 833 1650 est;etenim

70 1653 103 1701 qui
117 1664 167 1691 nova
181 1655 201 1691 in
214 1655 297 1691 medium
311 1654 394 1702 profert,
413 1666 452 1692 non
470 1659 534 1703 potest
551 1656 630 1693 alterius
648 1655 761 1692 sententiam
774 1654 834 1703 proti-

70 1705 113 1753 teri,
129 1707 183 1753 quia
186 1717 243 1744 secus
257 1707 289 1744 illa
303 1718 342 1744 non
356 1712 421 1745 essent
434 1719 491 1745 nova.

124 1757 146 1795 3.
165 1757 191 1796 si
205 1758 332 1805 sententia,
349 1770 420 1807 quarn
433 1759 531 1807 loquens
545 1760 677 1808 protitetur,
695 1757 729 1796 ita
742 1749 835 1807 compa·

70 1796 127 1847 rat'a
138 1811 185 1856 est,
204 1812 230 1848 ut
244 1822 272 1849 ea
286 1810 385 1849 aliorum
399 1810 490 1850 arrimos
509 1811 554 1849 sibi
569 1813 591 1849 et
604 1812 639 1850 rei
653 1821 711 1849 snae
724 1821 772 1849 non
784 1812 835 1848 tan-

70 1863 121 1899 tum
134 1872 182 1899 non
195 1862 322 1909 devinciat,
340 1863 382 1901 sed
396 1863 473 1912 potius
487 1863 601 1901 maximae
615 1862 676 1913 parti
690 1862 787 1901 eandem
801 1862 836 1900 of·

71 1912 173 1955 fensioni
187 1915 210 1951 et
223 1914 277 1952 odio
291 1925 356 1961 esse,
375 1917 514 1963 cognoscat,
531 1916 563 1953 vel
582 1915 602 1953 si
621 1914 676 1954 talis
695 1916 743 1961 est,
762 1925 775 1952 e
788 1925 836 1962 qua

71 1975 118 2003 non
135 1966 212 2003 solum
230 1967 295 2005 nulla
313 1967 434 2004 commoda
452 1969 545 2005 terrena
563 1967 608 2006 sibi
627 1968 775 2013 emanatura,
793 1966 836 2004 sed

71 2017 149 2066 potius
170 2019 291 2057 molestias
312 2019 466 2067 gravissimas
488 2020 533 2058 sibi
554 2021 577 2058 et
595 2020 652 2071 suis
664 2018 754 2057 oritura
775 2029 846 2066 esse,-

72 2071 136 2107 oerto
154 2072 306 2119 praenoscat3
324 2083 367 2108 nam
386 2073 462 2110 nonnisi
475 2072 594 2109 firmissimae
607 2072 728 2121 persuasioni
742 2074 792 2108 tanta
806 2072 836 2109 vis

71 2122 137 2159 inesse
156 2123 216 2170 solet,
235 2128 256 2161 ut
272 2124 384 2173 posthabitis
402 2125 489 2162 omnibus
507 2125 588 2162 terrenis
606 2124 719 2162 sententiam
738 2122 836 2171 quamdam

72 2178 184 2211 constanter
198 2176 239 2222 quis
254 2176 331 2224 probet,
346 2180 365 2213 et
379 2177 411 2224 qui
425 2178 539 2214 contrarium
553 2180 656 2223 assereret,
671 2187 714 2213 eum
726 2175 836 2222 ostendere,

72 2237 154 2265 necesse
169 2231 228 2274 esset,
246 2228 339 2277 ejusmodi
352 2228 447 2267 hominem
462 2229 550 2267 aulneto
564 2228 790 2276 tanatiooobcoecalum,
805 2231 837 2265 aut

72 2280 190 2328 pertinaciae
205 2291 228 2317 ac
242 2282 343 2329 superbiae
357 2281 423 2319 furore
438 2282 545 2330 abreptum,
560 2286 592 2320 aut
605 2283 656 2320 sanis
671 2281 759 2319 sensibus
774 2281 837 2318 desti-

73 2335 133 2372 tutum
148 2333 260 2370 sententiam
275 2334 373 2381 quamdam
388 2334 481 2383 probasse
495 2335 583 2383 propriae
597 2334 718 2384 persuasioni
732 2333 837 2378 adversam.

126 2384 149 2421 B
168 2384 200 2422 Ex
219 2385 310 2423 dicendi
327 2387 402 2425 modo.
424 2386 450 2425 Si
467 2388 564 2436 loquens
583 2388 671 2436 probus
690 2384 781 2434 atque
774 2396 837 2434 ingo-

74 2448 145 2485 nuus,
161 2438 237 2486 qualis
252 2437 348 2487 quilibet
360 2439 450 2478 tamdiu
463 2440 594 2512 censendus
608 2441 655 2485 est,
673 2438 747 2476 donec
757 2438 836 2476 malus

43 2524 47 2530 ,
73 2490 192 2539 probetur,

128 2542 188 2589 aliu
202 2542 383 2581 demonstrando
397 2546 512 2591 versatur,
526 2544 555 2591 si,
569 2509 595 2581 nt
607 2543 683 2581 dicere
692 2537 775 2589 solent,
789 2553 838 2580 ma·

73 2594 158 2633 teriam
172 2596 296 2643 quamdam
311 2607 338 2634 ex
350 2596 459 2644 'professo
477 2597 575 2642 tractat,
594 2596 609 2633 i
623 2607 642 2633 e.
656 2595 729 2633 variis
744 2606 771 2632 ex
784 2605 837 2643 par-

74 2647 137 2685 tibus
152 2649 281 2696 spectatam
295 2648 398 2698 praebet,
413 2648 547 2698 pervarias
561 2650 640 2698 partes
655 2647 754 2694 deducit,
769 2657 837 2696 argu-

74 2699 166 2748 menti&
177 2698 334 2748 jurejurando
346 2703 387 2740 aut
395 2701 498 2751 graviori
508 2702 591 2740 saltem
600 2700 774 2742 asseveratione
783 2710 837 2743 con-
