1787 2921
778 111 807 150 85

45 207 100 249 tatis
119 207 244 255 rationem,
263 219 323 257 quae
341 207 401 247 inter
419 208 471 247 illos
489 205 622 253 intercedit,
641 219 658 243 v.
674 219 693 256 g.
707 207 775 245 loann.
790 209 808 252 2,

47 260 130 300 13-16.
145 261 188 297 coll.
203 273 221 298 v.
237 259 271 306 17;
285 261 319 298 ΜΓ.
334 261 352 308 9,
367 260 399 298 37.
414 261 439 300 38
454 264 551 310 (gued),
566 264 598 296 aut

99 313 122 357 b)
136 313 213 361 prouti
226 313 263 350 vel
277 313 399 361 temporis,
418 314 455 351 vel
469 312 526 359 loci,
545 321 661 361 personae
674 312 711 348 vel
724 312 759 350 rei
772 323 808 350 re-

46 363 150 402 cordatio
165 367 205 402 aut
219 364 304 402 mentio
318 376 359 403 eos
373 365 444 403 menti
458 365 576 410 admovet,
595 375 612 399 ν.
627 374 645 412 g.
660 362 728 399 Joann.
743 365 761 410 5,
776 364 809 402 24.

46 418 78 455 25.
93 415 125 452 tlt.
140 415 171 462 14,
186 417 204 454 2.
218 416 287 453 Joann.
303 416 320 462 1,
335 418 366 454 52.
381 417 424 453 coll.
438 429 456 454 v.
471 416 507 462 48,
522 421 554 453 aul
568 416 650 463 denique

99 470 119 511 c)
136 478 178 514 pro
197 478 236 512 co,
255 478 283 503 ae
301 467 356 504 olim
375 467 493 514 conjuncti
512 469 589 514 erant,
608 467 645 503 vel
663 466 809 514 frequentius

46 516 91 566 sibi
104 518 276 560 successerant,
290 529 308 554 v.
321 518 342 566 g.
355 518 390 555 lllr.
404 519 423 564 8,
437 518 522 556 29-32.
537 519 605 555 loann.
615 518 634 564 9,
646 517 663 554 1.
673 518 692 555 2.
706 518 738 553 lllt.
748 518 780 563 24,
791 517 809 554 3.

98 568 181 611 Quorum
196 574 217 605 ut
231 572 294 604 reclus
308 568 350 605 fieri
363 570 425 616 possit
439 581 495 615 usus,
515 570 645 605 necessarium
663 573 693 605 est
707 569 763 605 simul
778 570 809 605 in-

46 621 124 668 terpreti
138 621 198 667 scire,
214 631 263 670 quae
277 620 373 669 loquentis
387 620 457 658 fuerint
470 622 521 658 vitae
535 621 633 669 adJ'unela,
648 631 697 668 quae
711 621 810 671 cogitandi

47 672 180 721 sentiendique
194 674 249 719 ratio,
264 673 370 721 dequibus
385 678 432 711 secl.
447 673 475 710 lll.
490 672 522 709 liet
536 683 606 709 sermo.

99 724 120 764 3.
138 726 219 765 Utrum
238 725 262 764 in
280 725 385 776 partibus
404 725 522 765 historicis
541 724 688 764 narrationes
703 725 808 775 singulae

46 789 105 819 nexu
118 779 420 829 historico-chronologico,
435 779 716 831 historico-pragmatico,
731 791 761 818 an
775 780 809 818 hi-

47 831 221 882 storico-topice
235 833 383 880 eobaereant,
398 832 557 882 cognoscitur:

99 888 121 931 a)
135 885 167 923 Ex
181 885 288 924 formulis
303 887 340 924 sat
350 886 429 933 elaris,
444 897 543 934 quarum
552 896 595 934 ope
604 884 751 923 narrationes
761 885 809 923 fac-

46 939 122 975 torum
137 937 317 986 conjunguntur,
331 938 364 976 ita
377 940 403 976 nt
417 940 522 987 apertum
536 937 577 983 sit,
595 937 708 975 rationem
722 939 809 987 tempo·

46 989 79 1028 ris
94 990 174 1028 haberi
189 990 212 1028 in
225 990 272 1028 illis
287 991 457 1037 connectendis,
472 992 512 1028 aut
526 1001 603 1036 secus,
617 1002 635 1026 v.
649 1002 669 1039 g.
683 991 715 1027 Mt.
730 991 762 1035 22,
777 990 809 1029 23.

100 1042 122 1088 β)
137 1041 154 1079 Ε
168 1041 321 1091 scriptoribus
336 1043 441 1089 coaevis,
456 1042 477 1080 si
491 1042 584 1089 adsunt,
599 1052 640 1079 seu
656 1053 668 1079 e
682 1041 741 1080 locis
756 1053 808 1091 par-

47 1092 133 1140 allelis,
152 1105 211 1142 quos
225 1093 249 1132 in
263 1105 321 1131 casu
335 1094 404 1131 dubio
419 1094 540 1132 consulere
554 1094 619 1139 licet,
638 1105 656 1130 v.
671 1105 690 1143 g.
705 1095 748 1131 coll.
762 1095 808 1131 Luc.

46 1145 66 1231 31,
82 1144 112 1231 121.
127 1156 168 1232 {igin
182 1146 215 1182 Mt.
229 1146 249 1192 8,
265 1146 282 1182 1.
296 1156 363 1193 seqq.;
382 1146 426 1182 cell.
445 1146 490 1182 Luc.
509 1145 528 1191 8,
547 1146 579 1183 22.
598 1149 617 1181 et
633 1146 666 1182 Ml.
683 1146 702 1192 8,
716 1145 748 1183 23.
767 1158 809 1183 cum

65 1206 80 1231 r.
108 1223 113 1241 ,
155 1224 160 1232 .

99 1250 119 1292 γ)
133 1246 151 1282 Ε
165 1246 263 1284 consilio
277 1247 392 1294 generali,
411 1247 473 1295 quod
490 1247 581 1284 auctori
599 1246 623 1283 in
642 1247 810 1284 conscribendo

46 1295 106 1334 libro
121 1298 297 1344 obversabatur,
311 1310 329 1334 v.
344 1310 363 1348 g.
377 1310 393 1335 s.
407 1298 518 1335 Matthaeus.

99 1349 121 1387 4.
135 1350 238 1388 Tandem
251 1352 277 1387 ut
290 1350 452 1399 perspiciatur,
466 1362 522 1388 num
536 1350 650 1399 quaedam
664 1361 724 1388 nexu
734 1350 811 1399 optico

47 1399 172 1449 conjuncta
191 1402 249 1450 sint,
271 1401 291 1440 si
310 1402 394 1442 desunt
413 1402 498 1441 imlieia
516 1405 565 1442 tum
583 1402 608 1442 in
626 1402 681 1453 ipsa
698 1403 810 1451 oratione,

47 1455 95 1493 tum
110 1454 134 1494 in
147 1455 205 1495 locis
220 1456 350 1506 parallelis,
368 1456 392 1495 in
405 1456 541 1505 traditione,
560 1456 653 1495 nonnisi
670 1458 740 1495 cauta
758 1469 810 1495 ora-

47 1507 117 1547 tionis
132 1510 233 1558 partium
250 1508 399 1557 dijudicatio,
418 1510 537 1549 historicis
554 1509 642 1549 notitiis
661 1510 720 1548 lueis
735 1510 811 1549 instar

47 1562 127 1608 utens,
147 1563 169 1600 et
182 1564 231 1600 tam
245 1562 275 1599 ad
294 1562 416 1600 eonsilium
435 1562 563 1611 loquentis,
582 1574 652 1610 quam
666 1563 697 1600 ad
711 1562 763 1610 ejus
778 1563 810 1601 di·

48 1613 114 1651 cendi
127 1614 241 1653 rationem
252 1613 304 1660 jam
318 1615 411 1653 aliunde
425 1615 541 1663 cognitam
550 1615 678 1664 respiciens
691 1615 811 1665 interpreti

47 1665 160 1714 prodesse
174 1666 264 1715 poterit.

101 1717 121 1754 0.
141 1718 256 1767 Respcetu
270 1719 357 1767 gradus
373 1721 505 1757 contextus:
519 1720 545 1757 ln
559 1719 664 1757 oratione
678 1730 749 1768 saepe
763 1720 811 1758 alia

47 1769 185 1818 principalia
199 1772 265 1816 sunt,
284 1772 296 1807 i.
311 1782 328 1807 e.
343 1772 368 1807 ita
384 1778 503 1818 comparata,
522 1773 564 1808 sine
583 1772 651 1818 quibus
671 1773 765 1820 cogitatus
779 1773 811 1810 lo-

49 1823 123 1866 quentis
143 1823 242 1868 printarius
261 1833 299 1858 nen
318 1824 467 1869 exprimeretur,
486 1823 533 1860 alia
551 1833 607 1860 vero
625 1822 752 1860 incisorum
771 1826 812 1861 aut

49 1873 221 1917 parenthesium
239 1872 315 1910 instar
334 1873 388 1910 addi
406 1874 482 1911 solent
501 1875 531 1911 ad
549 1875 610 1911 banc
627 1874 665 1910 vel
681 1874 744 1911 illam
759 1886 811 1912 sen-

48 1923 133 1960 tentiae
151 1923 276 1971 primariae
297 1926 388 1971 partem
406 1926 447 1962 ant
465 1925 639 1971 illustrandam,
659 1927 700 1961 aut
717 1925 811 1963 firman·

49 1972 109 2020 dam,
124 1976 165 2012 aut
179 1973 372 2024 amplificandam.

101 2027 167 2075 Quae
177 2025 230 2074 jam
243 2037 298 2065 vero
313 2027 337 2065 in
350 2038 410 2066 nexu
424 2028 545 2077 principali
563 2027 641 2076 posita
658 2026 717 2074 sint,
736 2039 764 2066 ex
777 2029 812 2067 rei

49 2079 144 2127 natura,
168 2090 210 2118 seu
233 2089 260 2117 ex
281 2079 358 2129 logica
378 2080 490 2119 orationis
512 2079 643 2130 integritate
664 2079 811 2131 intelligitur3

49 2142 108 2179 quae
129 2134 207 2172 autem
227 2132 354 2173 incisormn
375 2136 416 2173 aut
436 2134 609 2184 parentltesinm
629 2133 706 2172 instar
726 2146 752 2173 se
771 2136 812 2174 ba-

48 2183 129 2233 beant,
151 2187 286 2236 plerumque
307 2188 456 2237 cognoscitur
476 2199 503 2226 ex
523 2187 677 2237 grammatica
698 2183 811 2227 dictorum

48 2238 145 2285 ratione,
160 2239 181 2277 si
194 2240 232 2277 vel

84 2293 124 2336 a)
138 2291 249 2339 apodosis
263 2302 310 2330 non
328 2292 471 2340 immediate,
490 2293 531 2331 sed
550 2292 679 2340 interjectis
698 2295 738 2331 aut
756 2304 810 2340 uno,

50 2343 90 2379 aut
104 2343 209 2390 pluribus
223 2344 333 2382 membris
348 2345 447 2394 excipiat
461 2345 573 2394 protasin‚
589 2357 605 2381 v.
616 2358 635 2395 g.
645 2346 698 2383 Rern.
715 2346 732 2393 1,
748 2345 811 2393 1-7,

49 2393 80 2430 ubi
94 2395 200 2443 interjectis
215 2396 298 2444 quinque
312 2397 401 2434 versibus
416 2399 511 2446 cogitatus
530 2399 640 2446 principalis
659 2403 723 2446 partes
738 2398 812 2446 disjun-

49 2449 128 2492 guntur;
145 2447 176 2483 vel
190 2448 206 2484 si

103 2498 125 2543 b)
141 2499 284 2537 constructio
299 2510 313 2536 a
327 2501 408 2548 coepto
422 2501 491 2538 modo
506 2501 623 2545 deflectat,
638 2511 675 2547 qno
688 2500 708 2535 in
723 2510 769 2536 casn
784 2513 813 2546 ea,

50 2556 98 2592 quae
113 2551 162 2586 inter
176 2552 324 2588 constructionis
339 2552 433 2598 ejusmodi
447 2553 538 2599 abruptae
553 2556 623 2599 partem
633 2551 722 2598 priorem,
737 2556 756 2588 et
764 2553 814 2589 inter

50 2597 91 2644 ejus
107 2603 263 2638 reassumlionem
278 2604 340 2649 posita
354 2607 408 2648 sunt,
426 2604 481 2639 incisi
495 2605 555 2640 instar
569 2607 613 2640 sunt
626 2603 742 2649 spectanda,
762 2615 779 2639 v.
794 2616 814 2653 g.

48 2646 94 2687 Luc.
111 2651 141 2700 17,
156 2652 251 2700 28-30,
265 2653 333 2691 Joann.
349 2655 367 2701 6,
382 2654 478 2701 22-24.,
492 2655 505 2691 l.
520 2655 587 2692 Joann,
603 2653 620 2700 1,
636 2653 703 2700 1-3.;
718 2655 748 2692 vel
763 2657 779 2692 si

104 2708 125 2750 e)
139 2705 281 2755 pronominav
290 2707 388 2745 relativa
403 2706 499 2754 adsunt,
519 2718 579 2755 quae
597 2709 675 2745 tamen
694 2708 723 2745 ob
742 2708 814 2746 ratio-
