1787 2921
794 108 823 151 53

58 212 137 247 stretur:
152 211 217 254 restat,
230 212 250 245 ul
264 209 288 247 de
302 210 366 248 indole
381 212 457 261 linguae
470 211 493 248 N.
508 211 528 246 T.
543 212 653 246 necessaria
667 211 821 257 tradamussqno

59 262 109 299 lacto
125 263 144 297 et
158 260 181 297 de
195 272 232 298 usu
246 261 336 311 loquendi
349 262 371 301 N.
386 264 406 301 Τ.
419 264 470 313 Justa
484 262 530 300 ferri
545 262 649 307 sententia,
668 262 770 312 fontesque
788 263 821 299 in-

49 313 132 363 ·digitari
147 316 240 361 poterunt,
255 326 265 351 e
280 316 347 364 quibus
362 317 404 365 ejus
419 317 503 367 cognitio
518 316 543 352 sit
556 314 667 359 haurienda.
722 353 726 356 ,

260 523 262 526 -
320 496 510 547 Articulus
538 497 557 545 Ι.

233 590 277 634 ‚De
299 592 386 630 indole
407 594 512 644 linguae
533 594 555 630 N.
574 592 624 638 T.¹]

372 699 374 702 ’
402 710 422 763 p.
439 707 477 747 aa.

136 784 182 815 Virrio
194 786 292 816 eruditorum
304 786 334 817 hae
345 786 366 817 de
378 796 394 817 re
406 786 471 826 judicia,
484 791 500 819 et
511 786 630 816 tractandorum
642 790 745 824 conspectus.

82 868 84 872 ’
111 871 144 910 De
158 863 273 912 indole'N.
288 874 313 912 T.
328 874 420 923 linguae
434 885 481 913 non
495 861 542 912 una
561 875 611 912 erat
628 872 730 912 omnium
748 873 823 911 erudi-

59 926 135 962 torum
149 926 270 964 sententia.
292 927 346 964 lnde
360 927 469 966 nimirum
483 938 498 964 a
511 927 606 965 saeculo
620 925 690 964 XVll.
705 925 744 963 alii
762 926 823 974 stylo

58 976 84 1015 N.
96 978 123 1019 vT.
139 978 294 1017 omnimodam
309 980 432 1028 puritatem
447 981 469 1017 et
483 978 621 1027 elegantiam
639 988 748 1026 graecam
763 989 824 1015 eam-

0 1076 2 1078 ·
60 1041 103 1077 que
118 1030 212 1069 atticam
226 1031 344 1069 vindicare
359 1031 436 1070 eonati
455 1033 509 1070 sunt
527 1032 642 1077 (Puristae);
661 1029 701 1067 alii
715 1040 771 1067 vero
785 1029 824 1067 he-

59 1081 274 1131 braicum-'quoquo
293 1082 345 1130 ejus
364 1085 501 1122 elementum
519 1094 566 1121 non
580 1083 656 1121 solum
671 1085 823 1130 agnoverunt,

59 1135 101 1173 sed
115 1134 169 1173 hinc
183 1135 236 1173 inde
250 1135 312 1174 ultra
322 1135 403 1183 justos
418 1146 508 1183 quoque
522 1135 633 1173 terminos
648 1135 769 1173 extendere
784 1135 824 1172 ad-

0 1202 1 1205 *
59 1186 196 1225 laborarunt
210 1187 347 1235 [Hebraistae].
368 1188 438 1225 Horum
457 1189 551 1225 sententia
566 1188 606 1236 Jam
624 1187 659 1224 sub
678 1186 736 1230 tinem
751 1188 824 1224 saeculi

59 1239 114 1277 XVll.
129 1239 227 1277 dominans
247 1242 317 1287 errasti,
337 1241 382 1288 quin
400 1244 463 1277 tamen
477 1240 566 1289 priorum
584 1239 739 1287 persuasionem,
758 1242 823 1286 utpote

60 1291 128 1329 doctos
147 1296 220 1329 nactam
240 1292 364 1339 defensores,
383 1294 457 1341 penitus
477 1291 580 1341 profligare
598 1292 677 1328 valeret.
706 1291 824 1329 Recentis-

59 1343 119 1381 simo
133 1344 296 1382 demum'aevo
311 1344 407 1393 contigit
420 1344 477 1382 viris
492 1343 601 1390 eruditis,
619 1346 642 1381 et
656 1343 824 1393 deplrilologia

60 1407 129 1434 saera
148 1397 233 1445 optime
251 1396 339 1434 meritis
358 1397 417 1434 adeo
433 1406 489 1442 esse
506 1395 626 1443 felicibus,
645 1398 671 1433 ut
688 1396 824 1435 Hebraista-

60 1451 112 1486 rum
127 1448 196 1486 etiam
210 1449 348 1486 senitentiam
361 1460 408 1487 non
422 1447 484 1486 ouini
498 1449 605 1496 exparte
618 1448 716 1487 veritate
734 1448 776 1486 niti
791 1449 824 1486 in-

60 1500 200 1549 telligentes,
219 1500 295 1538 media
313 1500 352 1538 viri
371 1500 439 1538 etiam
458 1501 503 1537 hac
521 1499 545 1538 iu
563 1511 588 1538 re
603 1501 637 1546 ¹ad
650 1511 707 1539 vera
727 1501 824 1539 ducente

60 1552 192 1591 incederent
209 1554 400 1600 statuererrtque‚·
413 1552 549 1590 elementum
567 1552 741 1597 fundamentale
758 1553 783 1590 N.
798 1554 824 1591 T.

60 1604 177 1653 idiomatis
192 1603 244 1643 ess'e
258 1605 360 1653 linguam
379 1615 487 1653 graecam
505 1605 637 1653 vulgarem,
657 1605 677 1642 ei
695 1617 765 1655 porro
783 1605 825 1644 im-

60 1661 168 1706 pressum
187 1668 239 1695 esse
259 1658 417 1695 characterem
436 1656 528 1704 linguae
546 1657 671 1695 hebraicae
689 1661 711 1696 et
725 1659 825 1696 aramai·

61 1720 102 1748 cac
116 1708 164 1747 tum
179 1709 256 1758 quoad
270 1710 369 1758 somnam
388 1710 517 1755 externam,
536 1711 585 1747 tum
603 1709 657 1748 binc
675 1709 728 1748 iude
747 1711 824 1759 quoad

61 1761 160 1800 indolem
175 1761 296 1809 internam,
312 1763 334 1798 et
348 1761 446 1808 denique
460 1760 562 1806 admixta
573 1772 665 1810 quoque
674 1763 749 1810 plura,
764 1774 824 1811 quae

61 1814 142 1863 religio
156 1813 284 1851 christiana
298 1813 322 1851 in
335 1824 380 1851 usu
394 1812 503 1860 loquendi
517 1813 627 1852 effecerat
641 1825 709 1852 noua.
752 1813 754 1816 “

113 1867 154 1903 Hoc
167 1867 231 1914 itaque
246 1865 313 1902 ordine
327 1876 406 1914 agemus
421 1865 444 1901 de
459 1865 535 1914 linguae
549 1866 571 1902 N.
582 1866 602 1902 T.
618 1867 723 1913 (sternentis,
737 1868 824 1904 nimirum

62 1922 153 1966 quatenus
168 1922 198 1954 cst
211 1928 286 1967 graeca,
301 1917 415 1954 hebraislica
431 1922 449 1954 et
461 1917 484 1953 N.
494 1917 514 1953 T.
529 1919 653 1966 scriptoribus
664 1920 771 1966 peculiaris,
786 1931 823 1967 quo

62 1970 112 2008 lacto
127 1970 209 2019 patebit,>
218 1969 287 2006 idioma
301 1969 323 2006 N.
338 1970 358 2006 T.
373 1981 409 2007 nec
424 1980 470 2017 pure
484 1973 573 2019 graecam
585 1971 729 2019 es'selinguam,
745 1982 824 2018 eamque

61 2024 154 2071 arriiquam
169 2023 253 2068 atticam,
272 2033 334 2069 neque
349 2022 397 2059 adeo
412 2021 523 2058 lrcbraisuris
538 2020 607 2069 ubique
623 2026 641 2058 et
655 2033 715 2069 aeque
729 2019 824 2070 refertam,

61 2078 82 2110 ut
94 2075 164 2124 passim
179 2075 296 2111 clamitarunt
310 2074 426 2124 grammatici
442 2078 461 2110 et
473 2075 587 2122 interpretes
594 2073 619 2119 2).

83 2263 101 2303 1)
115 2263 147 2294 cn.
159 2263 254 2294 Grannnatik
265 2264 294 2294 dos
306 2264 477 2295 neutcstamentliehen
490 2264 607 2304 Spraclridiorns
621 2276 654 2297 von
665 2266 692 2296 Dr.
705 2267 759 2306 Georg
769 2267 824 2298 ltene-

116 2306 148 2336 dict
159 2305 219 2336 Winer.
231 2306 246 2335 5.
252 2306 354 2337 verbesserte
362 2307 394 2337 rmd
401 2307 490 2337 rermebrto
496 2307 570 2348 Aul'lnge.
581 2308 648 2349 Leipzig
654 2308 701 2339 1844.
707 2319 744 2349 pag.
752 2310 771 2339 15
780 2320 825 2350 seqq.

83 2347 101 2388 2)
112 2347 196 2378 Brevitatis
209 2356 256 2377 causa
268 2357 298 2388 per
309 2347 408 2379 hebraismos
421 2349 533 2388 designamus,
548 2359 654 2391 quaeeunque
668 2350 695 2381 vel
708 2361 716 2381 o
728 2351 783 2391 lingua
794 2351 825 2381 hc-

115 2389 175 2428 braim,
187 2389 214 2420 vel
226 2391 310 2429 nrnrmtea,
321 2389 347 2421 vel
359 2390 440 2422 rabirinica
451 2391 468 2422 in
479 2390 497 2421 N.
509 2390 525 2421 T.
537 2397 573 2423 sunt
584 2393 662 2431 ingressa.
