1787 2921
764 97 792 135 :35

81 192 104 237 d)
119 190 165 239 tpsi
180 189 249 229 ctiam
264 190 425 241 Protestantes
440 191 584 239 antiquiores
602 193 629 229 ‘ct'
639 192 793 231 recentiorum

30 244 156 294 sobriores,
171 242 215 281 etsi
229 254 276 282 non
290 244 419 282 doctrinam
434 244 547 282 ecclesiae
562 243 701 291 catholicae,
716 247 794 283 tamen

30 295 157 337 doctrinam
176 295 287 334 librorum
308 297 489 344 symbolieorum
507 296 531 334 in
552 296 740 344 interpretatione
759 309 794 335 rc·

30 348 136 401 spiciunt.
152 349 180 386 -Λ
198 358 244 397 quo
263 350 343 387 autem>
358 352 461 399 tempore
479 349 553 388 libros
574 359 631 388 suos
652 348 794 397 symbolicos

31 400 152 452 repudiare
161 400 298 449 coeperunt,
311 402 426 440 ‘audaciae
440 408 520 440 e'orum
534 413 619 447 omnes
630 404 725 449 apertae
740 404 795 440 sunt

29 455 123 503 januae.
145 454 196 502 Quo
213 452 359 501 insipientiae
378 454 535 503 pervenerint,
555 454 594 503 qui
612 453 658 492 sibi
676 453 794 503 sapientes

32 517 83 547 esse
96 504 210 552 videntur,
225 505 300 544 tristis
314 505 381 544 docet
395 507 535 555 experientia
541 506 565 557 ¹).
587 509 589 511 ’

84 557 137 606 obj.
151 559 173 597 d.
191 558 268 596 Verbo
283 558 360 596 divino
375 559 398 596 in
413 570 445 596 ss.
460 559 543 597 titteris
562 559 667 609 deposito
682 571 697 608 a
711 560 795 597 Catho-

32 613 82 653 licis
96 611 120 650 iu
134 622 218 660 genere
232 614 255 649 et
272 611 368 660 proinde
387 612 456 650 etiam
475 613 505 650 ab
523 611 686 661 interpretibus
705 613 729 651 iu
743 624 795 663 spe·

34 667 67 706 cie
81 664 232 715 praeponitur
249 664 345 702 verbum
363 665 501 711 numanum,
520 665 626 712 traditio,
644 677 716 714 quare
735 666 795 704 idem

33 720 65 758 eis
84 716 156 765 objici
173 718 261 767 potest,
282 717 344 765 quod
363 717 469 756 Ciuistus
491 717 626 756 Pharisaeis
648 719 795 767 exprobrarit

33 773 111 811 dicens
125 770 163 808 tut.
176 769 250 817 ¹15,st
264 770 285 808 o.
301 770 409 817 „lrritum
418 770 513 809 fecistis
527 771 662 810 mandatum
673 771 714 809 liei
729 782 796 820 prop-

32 827 67 864 ter
80 822 228 862 traditionem
242 825 345 861 vestram
360 850 365 861 .
380 850 386 860 .
401 850 407 861 .
422 822 477 862 Sine
492 834 565 862 causa
575 826 652 861 autem
664 825 742 862 colunt
752 835 796 871 mc,

33 878 141 916 docentes
156 875 274 914 doctrinas
289 877 311 913 et
325 876 436 914 mamlata
450 876 591 914 bominum.“

85 929 154 977 Resp.
175 931 197 974 a)
211 928 288 966 Verbo
303 928 380 967 divino
400 940 432 967 ss.
447 929 576 967 litterarum
595 928 743 967 traditionem
761 940 796 967 re·

33 983 114 1032 spectu
128 980 224 1029 originis
239 981 332 1029 quidem
346 983 368 1019 et
382 981 495 1028 ambitus,
514 992 561 1019 uon
578 992 634 1019 vero
652 981 742 1019 ratione
757 983 797 1019 ba-

34 1035 82 1073 bita
95 1033 432 1085 auctoritatis·praeponimus,
451 1034 493 1072 sed
507 1034 657 1082 adpouimus;
676 1036 798 1083 practerea

34 1088 56 1134 b)
71 1098 90 1125 s.
109 1086 244 1135 scripturae
261 1096 308 1123 uon
326 1085 464 1134 adpouimus
482 1086 579 1124 verbum
597 1087 736 1131 humanum,
755 1086 797 1124 scd
834 1084 842 1087 ⁴

33 1138 180 1187 traditionem
194 1138 277 1185 talem,
295 1136 372 1185 eujus<
383 1138 443 1175 idem
461 1138 526 1176 Deus
542 1141 578 1176 est
596 1140 678 1176 auctor
697 1151 724 1176 ae
743 1150 797 1176 con-

35 1193 149 1238 servator,
165 1190 202 1228 cui
216 1202 249 1228 ss.
264 1190 337 1228 libros
352 1191 375 1228 in
390 1191 492 1240 acceptis
506 1191 637 1228 referimus.
656 1192 730 1240 Quale
742 1202 797 1240 ergo

34 1244 159 1282 discrimen
173 1243 306 1281 Catboiieos
320 1242 380 1290 iuter
395 1245 417 1281 et
430 1243 585 1281 Pharisaeos!

63 1312 70 1318 ·
87 1293 140 1341 obj.
155 1296 175 1332 5.
197 1295 311 1344 Traditio,
330 1295 471 1344 experientia
484 1297 555 1341 teste,
574 1297 610 1333 est
624 1295 723 1333 fecumla
737 1306 799 1333 incn-

34 1348 95 1386 daeii
118 1349 204 1393 mater,
227 1358 269 1395 per
289 1350 359 1394 quam
379 1347 467 1385 veritas
488 1347 551 1384 vario
573 1347 641 1385 modo
663 1348 800 1385 detbcdutur

35 1401 101 1447 [Fama
117 1401 187 1437 erescit
201 1400 285 1444 euudo];
304 1410 376 1447 quare
391 1399 471 1437 cadem
486 1402 508 1437 ct
523 1399 633 1437 baeretici
648 1400 685 1438 usi
700 1402 754 1438 suut
769 1400 799 1437 ad

35 1463 146 1502 perversa
164 1463 208 1489 sua
227 1451 547 1502 dogmata'demonstranda3
567 1452 620 1489 bine
639 1452 745 1490 doctrina
763 1464 799 1490 ec·

36 1504 122 1543 elesiae
144 1503 428 1551 catholicae,‚traditioni
447 1504 558 1551 subnixa,
582 1504 605 1541 in
626 1504 799 1553 interpretando

36 1568 105 1596 sacro
119 1556 198 1608 codiee
209 1556 359 1594 'auctoritatis
374 1557 498 1594 admodum
513 1556 597 1594 dubiae
612 1558 647 1594 est
661 1568 750 1594 norma.

89 1609 158 1657 Resp‘.
180 1612 202 1654 a)
216 1608 249 1646 Eu
263 1605 327 1646 hisee
342 1609 417 1646 solum
432 1608 544 1656 sequitur,
559 1610 597 1646 sat
611 1609 699 1646 certum
713 1609 801 1657 requiri

37 1661 166 1708 criterium,
188 1659 256 1708 cujus
276 1671 319 1709 ope
337 1671 394 1698 vera
413 1662 435 1697 et
454 1660 532 1698 divina
550 1660 693 1698 tr·aditio.ab
712 1661 801 1699 incerta

37 1715 100 1752 fama
114 1713 267 1751 discernatur
289 1712 345 1750 Tale
359 1715 436 1750 autem
451 1712 568 1750 criterium
583 1713 650 1750 adest
664 1713 687 1750 in
702 1714 802 1751 ecclesia

38 1765 164 1812 catholica,
179 1761 239 1813 'quae
254 1776 300 1802 nou
313 1765 400 1802 temere
414 1761 579 1812 quodcunque,
594 1765 636 1802 sed
650 1765 742 1802 nonnisi
757 1767 802 1802 boc

37 1819 110 1864 tenet,
125 1817 187 1865 quod
201 1816 298 1865 ubique,
313 1817 375 1864 quod
389 1819 492 1864 semper,
511 1817 573 1864 quod
587 1817 616 1853 ab
631 1817 739 1855 omnibus
754 1829 802 1855 cre·

39 1869 110 1907 ditum
125 1871 172 1915 est,
192 1870 299 1916 quodque
317 1868 369 1906 ideo
384 1868 414 1905 ad
428 1868 540 1916 originem
555 1868 708 1918 apostolicam
723 1867 802 1909 ueces-

39 1921 102 1958 sario
116 1922 223 1966 retertur.
242 1920 308 1969 Quod
323 1921 345 1965 b)
359 1920 490 1958 haereticos
505 1920 587 1958 attinet
600 1920 724 1970 traditione
737 1928 802 1967 usos,
844 1963 846 1966 .

39 1972 220 2021 interrogamus:
239 1972 323 2017 Nonne
337 1972 436 2009 historia
453 1974 512 2009 teste
531 1982 550 2009 s.
570 1971 691 2019 Scriptura
710 1983 802 2020 quoque

40 2024 107 2062 abusi
125 2026 180 2062 sunt
198 2023 320 2070 haeretiei,
339 2023 386 2061 imo.
404 2026 425 2061 et
445 2024 552 2061 diabolus
572 2025 625 2069 [coti.
644 2024 674 2060 titi.
694 2025 740 2070 4,ss
761 2036 802 2061 cum

39 2075 99 2114 Psalm
114 2077 146 2125 91,
163 2076 193 2114 u.
209 2076 251 2124 12),
266 2076 321 2125 quin
335 2076 394 2113 haee
408 2074 459 2121 ideo
473 2075 504 2113 sit
518 2075 661 2124 repudianda
667 2075 685 2125 ἓ)
691 2076 703 2113 ¹?

92 2241 176 2295 posterna}
189 2252 287 2284 intellectum
298 2252 394 2293 gratuletur,
411 2252 453 2294 qued
465 2258 501 2284 ante
513 2257 584 2284 vetustas
599 2263 632 2284 nou
643 2253 741 2285 intellectum
752 2261 805 2283 reue-

95 2296 165 2328 rahatur.
181 2295 242 2328 Eadem
254 2301 316 2334 tamen,
328 2305 369 2336 quae
381 2295 458 2335 didicisti,
471 2295 520 2335 duce,
532 2296 553 2328 ut
565 2305 610 2329 eum
623 2296 678 2329 dieas
691 2304 750 2334 nore,
766 2304 805 2327 non

93 2339 149 2380 dieas
161 2341 233 2372 nora.“
244 2338 284 2369 ibid.
296 2348 310 2369 c.
321 2338 347 2369 27.
359 2337 391 2369 Cir.
403 2349 417 2369 c.
428 2338 454 2369 29.

62 2381 80 2421 1)
93 2381 126 2413 Gir.
136 2382 170 2413 Der
180 2379 317 2413 rationalistische,
327 2379 400 2412 Christus
412 2382 428 2418 in,
439 2391 498 2422 opere:
509 2380 541 2412 Das
552 2381 607 2412 beben
620 2380 678 2412 Christi
688 2391 720 2413 ron
731 2380 758 2410 Dr.
769 2378 805 2410 Job.

93 2424 133 2466 Nep.
145 2425 194 2465 Sepp.
205 2423 231 2454 vt.
242 2422 271 2455 Bd.
282 2423 390 2463 regensburg
401 2423 452 2461 18463
464 2429 479 2454 et
487 2424 505 2455 Ν.
513 2423 594 2465 itndppel:
605 2425 638 2455 Das
646 2423 709 2463 Princip
718 2423 747 2452 dei·
755 2422 805 2452 trcieu

94 2466 247 2507 Schriitiorschuug.
260 2465 330 2497 Cobleuz
342 2465 392 2496 1846.

64 2509 82 2546 2]
94 2509 138 2540 Alias
150 2508 250 2547 objectiones
262 2508 328 2546 vidjn:
343 2507 387 2539 Neue
403 2507 452 2539 nicol.
467 2509 559 2540 Zeitscbriit
573 2519 589 2540 v.
603 2510 636 2540 ios.
648 2507 701 2544 Pleu,
715 2506 741 2535 u.
752 2506 807 2546 Jabrg.

94 2552 105 2581 i.
117 2552 149 2582 und
160 2551 178 2582 11.
189 2551 227 2623 {th
242 2551 272 2582 Die
284 2550 452 2592 gdttliehe'Traditiou
468 2551 509 2582 nach
525 2551 621 2582 Gcscbicbte
637 2550 669 2580 und
683 2549 722 2580 Idee
734 2558 766 2580 rou
778 2549 806 2579 Dr.

94 2594 145 2632 ttoys
157 2593 188 2624 Scb
196 2597 219 2623 dr.
453 2621 455 2623 .

67 2646 68 2649 ¹
126 2635 171 2667 Hanc
183 2635 312 2667 dissertationem
325 2635 386 2666 linimus
399 2644 433 2665 eum
446 2634 469 2666 Cl.
481 2635 533 2665 ttatou
545 2634 625 2665 dicentes:
643 2633 722 2672 „Peridus
735 2635 806 2673 toujours

95 2677 135 2708 «iaus
146 2683 193 2715 notre
205 2686 263 2716 eoem,
277 2679 291 2709 si
302 2687 343 2708 nous
354 2688 375 2708 uc
386 2677 401 2708 le
412 2681 480 2717 portans
492 2686 520 2716 pas
536 2677 607 2716 toujours
622 2686 650 2706 sur
663 2687 693 2707 nos
709 2677 771 2709 ldrrcs,
787 2685 806 2704 cc

96 2721 118 2750 eri
130 2721 201 2759 puissant
217 2718 264 2749 d'uue
281 2721 316 2750 time
331 2723 408 2751 traintem
424 2718 523 2759 eatiiolique:
539 2717 551 2748 0
564 2720 615 2749 sainte
626 2719 688 2759 Eglise.
700 2729 724 2749 ma
736 2719 779 2748 ruere
792 2724 807 2748 et

617 2772 646 2810 3*
