1787 2921
785 102 828 141 169

115 195 234 244 ulduinus,
248 197 326 235 natione
339 195 414 247 Anglus
429 195 530 243 (1804.,)
545 195 596 234 mter
604 196 641 234 ala
655 195 773 237 elucubravit
783 200 828 249 plu-

62 259 94 285 res
109 251 276 288 commentarios
270 261 290 287 ni
303 250 395 297 Psalmos‚
409 249 514 299 Evangelia
528 253 548 287 et
561 249 653 298 epistolas
668 252 763 299 paulinas,
779 264 828 302 quos

63 301 123 338 edidit
136 301 242 339 Frobenius
256 302 371 348 Ratishonae
388 279 444 339 1777.

116 353 227 392 Rabanus
241 344 350 400 ltlaurus,
365 354 521 415 archiepiscopus
535 353 658 403 Mogontinus
674 357 698 399 (1
712 356 780 403 856),
794 369 829 395 re-

63 405 118 454 liquit
132 406 196 455 plures
215 396 363 445 commentarios
381 407 472 456 egregios
490 408 510 444 in
527 406 633 455 plerosque
647 417 664 443 s.
679 407 788 456 Scripturae
802 410 830 447 li-

63 458 116 496 hros.
131 457 194 506 Opera
209 459 251 508 ejus
266 459 377 506 prodierunt
391 458 457 496 Colon.
472 458 543 496 6voll.
557 458 576 495 in
590 459 623 496 101.
639 458 697 497 1627

116 510 218 559 ssavnic,
233 511 336 560 episcopus
349 510 541 556 Halberstadtiensis,
562 508 620 558 priori
635 522 730 557 coaevus,
749 512 830 551 babetur

64 567 131 601 auctor
145 562 294 601 commentarii
289 574 308 600 ιιι
321 563 433 609 Psalmos‚
428 573 447 600 ιιι
461 562 553 609 lsaiarn,
549 573 568 599 in
578 563 674 612 epistolas
689 540 783 612 paulinas,
797 567 830 614 qui

65 614 119 664 prelo
134 615 240 652 submissus
255 619 285 653 est
299 615 366 652 Gelon.
382 613 441 651 1536

117 666 263 705 Watatridus
280 667 379 713 Strabo,
397 666 508 712 vuldensis,
527 665 571 703 dein
586 667 645 704 abhas
659 667 830 708 Reichenoviensis

65 723 89 765 (1
103 719 170 766 849.,)
185 719 330 757 collectionibus
344 718 388 756 adn
389 720 487 756 dationum
501 694 630 756 breviorum'
625 730 644 756 m
658 722 717 757 totam
731 721 830 771 080110-

65 775 126 809 turam
140 775 212 809 tantum
226 772 262 809 sibi
276 772 349 821 paravit
362 782 439 816 nomen,
453 774 474 807 ut
488 781 536 819 opus
551 770 592 818 ejus
607 771 674 820 glossa
689 772 784 810 ordinaria
799 775 831 812 di-

65 828 148 871 seretur,
162 828 181 861 et
194 824 259 861 verbis
274 826 375 862 citaretur.
391 823 512 871 „Auctoritas
526 822 590 859 dicit“
608 823 624 861 E
638 824 724 871 pluribus
739 825 831 864 editioni-

64 876 100 914 bus
114 876 184 925 optima
198 876 288 914 habetur:
306 876 366 914 Biblia
384 886 440 913 sacra
459 886 501 912 curn
520 875 586 924 glossa
606 875 702 914 ordinaria
721 878 777 915 novis
791 879 830 916 Pa-

64 931 112 965 trum
130 939 243 978 graecorum
263 933 282 977 et
300 929 400 966 latinorum
419 927 579 975 explicationibus
598 928 714 976 locupletata
733 941 775 967 cum
790 931 830 968 Po-

65 981 115 1019 stilla
123 981 196 1018 Nicolai
202 981 278 1029 Lyrani,
289 980 393 1018 aLeandro
402 991 413 1017 a
421 990 436 1017 s.
444 978 531 1027 ltlar‘tino,
545 979 644 1029 dnoverp.
653 980 711 1018 1634.
723 981 735 1018 6
743 986 788 1020 tom.
796 983 831 1021 fol.

118 1033 227 1071 Anselmo
245 1032 395 1071 maudunensi
413 1043 464 1069 saec.
482 1032 515 1069 XI.
529 1036 561 1068 aut
574 1031 613 1069 ΧΠ.
631 1033 745 1071 adscribitur
762 1035 832 1084 glossa

66 1085 201 1133 interlinearis,
215 1085 228 1122 i.
242 1097 259 1122 e.
275 1085 407 1123 adnotationes
422 1085 472 1122 inter
485 1085 546 1122 lineas
561 1088 624 1122 textus
639 1085 771 1134 decurrentes,
786 1089 831 1136 qui-

65 1138 101 1175 bus
119 1148 179 1176 voces
198 1138 326 1187 etymologice
346 1137 433 1174 difficiles
451 1137 577 1185 explicantur.
597 1137 647 1174 Edit.
665 1137 753 1176 Basileae
771 1139 830 1186 1502

66 1201 121 1239 seqq.
137 1189 161 1227 al.

119 1241 144 1280 S.
158 1241 261 1280 Thomae
275 1242 305 1279 ab
319 1240 433 1289 Aquinate
451 1239 559 1286 (11274.)
578 1240 670 1278 debemus
689 1246 776 1279 catenam
794 1255 831 1283 au-

65 1306 118 1333 ream
131 1295 151 1331 in
163 1293 268 1343 Evangelia
286 1305 322 1332 seu
341 1294 472 1341 expositiones
487 1305 512 1330 ex
526 1293 602 1340 optimis
620 1294 756 1342 interpretibus
771 1307 832 1345 grae-

66 1340 94 1384 cis
109 1351 128 1384 et
142 1346 205 1384 latinis
221 1351 331 1396 congestas,
346 1356 404 1394 porro
420 1346 511 1405 egregios
526 1346 691 1383 commentarios
686 1357 705 1383 m
719 1347 791 1395 primos
806 1349 832 1386 50

64 1399 176 1446 15111100,Ι
171 1411 190 1437 ιιι
204 1398 301 1436 Canticum
315 1399 442 1444 canticorum,
457 1398 476 1434 in
489 1397 564 1447 Evang.
578 1409 594 1435 s
608 1398 696 1444 loannis,
709 1400 729 1436 in
744 1401 800 1448 epist.
815 1412 831 1438 s

0 1455 1 1459 ’
66 1452 124 1489 Pauli.
139 1450 202 1499 Opera
216 1451 259 1499 ejus
273 1451 324 1489 edita
338 1455 383 1487 sunt
398 1449 422 1487 17
437 1450 501 1487 voll.'
496 1461 515 1486 ιιι
529 1449 562 1486 101.
576 1449 648 1487 Romae
662 1427 731 1498 1576,
747 1451 772 1490 18
785 1453 832 1490 voll.
860 1461 863 1466 “

67 1505 86 1541 in
101 1503 134 1541 lol.
147 1502 319 1551 Antwerp.1617.,
334 1503 359 1541 25
373 1502 418 1540 voll.
433 1502 452 1538 in
466 1501 500 1539 lol.
514 1502 591 1539 Parisiis
603 1501 671 1549 1666,
687 1503 712 1541 28
722 1504 768 1541 voll.
782 1506 802 1542 in
812 1505 831 1542 4.

0 1552 1 1583 l
66 1555 152 1593 Venetiis
166 1555 224 1592 1745.
239 1554 263 1591 al.

120 1607 145 1646 S.
159 1607 324 1646 Bonaventura
338 1610 362 1653 (†
377 1605 445 1650 1274.)
460 1607 511 1643 notis
525 1606 627 1643 illustravit
640 1607 737 1655 Psalmos,
752 1608 831 1648 threnos

0 1682 1 1688 ι
67 1660 169 1705 terethiae,
183 1660 251 1697 librum
267 1660 381 1708 Sapientiae,
395 1659 506 1707 Evangelia.
519 1658 569 1695 Edit.
583 1659 668 1700 Venetiis
685 1660 742 1698 1751.

120 1712 230 1751 Nicotaus
244 1712 350 1760 Lyranus
365 1715 389 1757 (1
398 1710 466 1757 1340.)
475 1711 552 1760 scripsit
559 1712 707 1750 commentarios
715 1714 734 1750 in
742 1725 758 1750 s.
767 1713 833 1763 Scrip-

67 1771 134 1812 turam,
149 1766 181 1813 qui
195 1765 284 1802 Postillae
297 1769 400 1812 vocantur,
415 1766 480 1812 etqui
495 1776 505 1801 a
521 1765 598 1801 coaevis
613 1765 659 1801 tanti
673 1765 798 1812 habebantur,
812 1771 833 1805 ut

68 1819 164 1856 dicerent:
180 1817 232 1865 ,Nisi
245 1817 294 1866 Lyra
309 1818 392 1864 lirasset,
407 1821 457 1854 totus
472 1816 553 1854 mundus
563 1816 682 1855 delirasset.“
697 1818 787 1856 Postillae
797 1820 833 1858 hae

68 1871 130 1909 editae
145 1875 189 1907 sunt
202 1870 290 1920 Lugduni
306 1870 363 1908 1590.

120 1923 210 1961 Paulus
223 1923 352 1972 Burgensis
364 1926 389 1968 (1
399 1920 467 1967 1435.)
482 1922 615 1959 adnotationes
625 1922 695 1971 adJ'ecit
704 1923 727 1960 ad
737 1923 833 1962 Postillas.

345 2037 366 2080 C)
381 2037 482 2069 llerentioris
494 2037 557 2068 aetatis.

406 2125 426 2173 p.
443 2121 496 2162 ror.

331 2193 343 2224 l.
353 2192 378 2223 Ex
388 2197 433 2233 parte
445 2190 573 2231 Catholicorum:

244 2279 262 2313 1.
274 2279 344 2313 Relate
355 2279 381 2312 ad
393 2279 489 2321 integram
500 2289 516 2312 s.
528 2278 659 2322 scripturam.

122 2340 250 2394 (tajctanus
268 2344 410 2391 Gardinalis,
430 2346 507 2393 proprie
522 2345 624 2383 Thomas
642 2345 670 2383 de
683 2344 739 2392 Vio,
759 2355 785 2381 ex
799 2356 834 2382 οι-

69 2399 112 2438 dine
127 2412 142 2436 s.
156 2399 250 2438 Dominioi
265 2401 289 2444 (†
304 2396 379 2445 1534),
398 2401 456 2435 totam
471 2399 528 2436 vitam
542 2409 595 2435 suani
614 2397 677 2436 studio
692 2398 763 2435 biblico
778 2398 834 2434 diea-

69 2454 102 2495 vit,
116 2456 136 2489 et
149 2453 227 2501 scripsit
241 2451 379 2499 expositiones,
395 2461 442 2498 quas
456 2450 548 2488 hlelchior
563 2450 625 2488 Canus
639 2451 752 2499 frequenter
765 2461 835 2499 repre-

68 2504 141 2551 hendit,
157 2510 176 2542 et
191 2516 239 2553 quae
254 2504 316 2542 editae
331 2506 375 2540 sunt
389 2503 400 2540 5
415 2502 460 2539 voll.
475 2504 494 2540 in
508 2503 541 2540 lol.
555 2503 615 2553 Lugd.
631 2502 688 2541 1639.

122 2556 247 2604 Varamos,
266 2556 330 2595 Gallus
350 2559 374 2601 (†
394 2553 473 2601 1547),
494 2556 577 2594 coniecit
594 2557 702 2593 versionem
724 2566 793 2592 novam
814 2559 834 2592 et

69 2611 139 2648 breves
154 2607 287 2647 adnotationes
302 2611 321 2647 in
336 2620 351 2646 s.
366 2609 487 2656 Scripturam,
502 2620 551 2656 quae
566 2610 590 2646 oh
606 2610 710 2646 claritatem
725 2608 779 2657 prelo
789 2619 835 2645 sae-

0 2663 1 2686 1
54 2664 111 2712 ‘pius
126 2661 232 2700 submissae
247 2666 301 2709 sunt,
322 2666 341 2699 et
355 2672 434 2709 quarum
449 2660 507 2699 editio
527 2662 597 2711 optima
611 2666 702 2700 censetur
716 2661 748 2699 illa
761 2661 836 2699 Nicolai

0 2752 1 2768 ,
30 2720 32 2722 ’
69 2716 128 2754 lleuri
142 2715 219 2753 Parisiis
235 2713 292 2753 1729.
307 2719 327 2753 01
342 2714 398 2753 1740.
