1787 2921
770 113 813 153 iob

48 212 138 261 lii-mat,
152 213 222 261 atque
236 211 266 251 ub
280 210 451 260 objectionibus
465 209 580 259 vindicat3
597 221 640 249 nam
653 222 710 250 nenio
723 212 754 251 vir
767 222 814 250 cor-

49 266 104 304 datus
122 276 146 303 ac
164 266 235 315 probus
254 265 327 304 alienos
341 276 418 303 errores
433 265 576 311 demonstrare,
595 268 614 301 et
631 265 654 302 ab
674 266 813 315 objectionibus

47 317 146 356 vindicare
160 318 215 356 solet.
238 317 304 356 Omnia
318 319 381 366 itaque
395 317 442 356 Jesu
457 322 476 355 et
488 317 626 366 Apostolorum
640 317 697 364 dicta,
711 319 731 355 in
745 318 813 366 quibus

48 370 84 408 bac
98 371 172 409 ratione
187 375 297 418 vorsantur,
316 382 327 408 e
341 371 418 420 propria
431 371 516 419 ipsorum
529 370 656 419 persuasione
670 371 744 420 prolata
759 374 815 408 erunt

48 422 142 460 habenda.
799 424 801 426 ’

103 475 125 520 b)
139 473 166 513 Si
180 475 262 524 sponte
276 485 328 521 sua,
342 475 407 513 nulla
417 476 511 513 externa
525 470 649 513 occasione
663 476 813 524 provocatus,

49 528 188 565 nontamen
202 537 244 575 per·
256 527 408 564 transennam
422 528 497 575 quasi,
512 527 554 565 sed
568 538 595 564 ex
604 527 713 576 professo
723 529 814 564 senten-

48 579 106 617 tiam
121 579 246 627 quamdam
260 579 360 626 profert3
374 590 417 616 nam
428 579 451 621 de
460 579 530 627 placito
541 579 609 626 alieno,
625 580 656 617 cni
666 581 761 617 assentire
776 589 814 616 non

49 635 124 681 potest,
142 632 172 668 vir
185 631 256 678 probus
270 632 387 668 necessitate
401 631 452 668 nulla
470 635 551 680 urgente
565 632 596 668 vel
611 632 664 678 silet,
683 632 714 669 vel
728 631 775 669 illud
789 641 814 668 eo

50 687 186 721 commemorat
200 683 289 729 consilio,
302 687 323 720 ut
336 683 398 731 ipsum
411 683 482 721 refutet
496 687 528 720 aut
542 683 609 720 saltem
623 684 723 731 improbet.

103 739 124 781 c)
138 734 165 773 Si
179 735 268 783 profert
281 735 419 773 sententiam
433 746 480 773 non
494 737 577 783 sponte
594 735 686 783 quidem
705 746 761 782 sua,
781 736 815 772 at·

49 789 129 826 tamen
141 786 172 825 ab
186 785 302 834 ejusmodi
316 786 448 825 hominibus
462 787 631 836 interrogatus,
650 798 749 836 quorum
767 797 815 825 non

50 839 127 878 minus
142 850 170 877 ac
184 849 229 876 sua
242 838 336 877 maximi
349 839 446 877 interest
458 850 516 877 vera
534 850 688 887 cognoscere,
708 840 763 888 quia
776 850 815 877 ve-

51 891 129 930 ritatis
143 890 329 937 dissimulatione
343 892 417 929 errori
430 892 498 939 longe
512 891 604 940 lateque
614 891 734 940 grassanti
748 891 815 940 eique

50 944 134 982 nocivo
147 942 234 993 aperiri
247 945 346 992 portam,
360 943 567 992 persuasissimum
578 944 649 982 habet
664 944 781 993 (Applicatio
792 944 816 981 ad

48 996 122 1042 Jesum,
136 995 241 1044 Apostolos
254 1000 274 1033 et
287 996 334 1033 alios
348 996 452 1042 homines).

104 1049 128 1093 d)
141 1048 169 1086 st
182 1047 210 1086 de
224 1048 305 1086 eadem
318 1058 344 1085 re
354 1048 449 1098 saepius
459 1047 585 1095 disserens,
600 1048 725 1097 etquidem
736 1058 816 1087 coram

50 1099 139 1138 diversi
160 1100 253 1149 generis
276 1099 423 1138 auditoribus
445 1100 584 1138 sententiam
607 1112 675 1139 suam
695 1111 815 1148 nunquam

50 1153 137 1199 mutat,
151 1163 226 1200 neque
239 1153 321 1190 nutum
334 1151 435 1200 aliquem
448 1152 556 1201 praebet,
570 1163 616 1200 quo
630 1153 755 1200 indicaret,
770 1152 817 1190 sibi

51 1204 170 1243 meliorem
187 1204 266 1242 inesse
282 1204 471 1252 persuasionem3
489 1206 559 1241 etenim
573 1215 696 1252 praesumere
710 1206 765 1248 iicet,
784 1205 817 1241 lo-

51 1260 151 1305 quentem,
170 1258 202 1304 qui
220 1255 270 1294 torte
283 1267 322 1293 una
335 1256 420 1294 alterave
434 1257 477 1293 vice
496 1267 560 1293 coram
575 1261 628 1294 certo
643 1257 736 1295 auditorio
751 1267 817 1293 veram

51 1309 166 1346 seutentiam
180 1318 233 1346 suam
248 1307 326 1345 edicere
340 1308 486 1355 prohibebatur,
501 1308 581 1346 eandem
596 1309 690 1346 auditorio
704 1312 775 1346 mutato
790 1309 817 1346 li-

51 1359 99 1398 bere
114 1360 178 1407 eloqui
191 1360 278 1407 potuisse
293 1364 312 1396 et
324 1370 393 1397 revera
407 1360 502 1397 elocutum
517 1370 566 1397 esse.

106 1411 176 1449 Contra
193 1422 240 1450 vero
259 1412 276 1449 si
294 1412 389 1460 ejusmodi
406 1413 499 1460 principia
518 1423 541 1449 ac
559 1413 677 1461 praemissae
696 1424 707 1450 a
725 1413 817 1460 loquente

52 1463 104 1501 clare
118 1463 229 1511 propositae
243 1467 325 1510 exstant,
339 1463 451 1511 quibuscum
463 1467 516 1500 certa
525 1465 619 1501 sententia
634 1465 732 1501 conciliari
741 1465 817 1511 nequit;
835 1493 838 1495 .

53 1516 70 1554 si
84 1516 178 1553 sententia
191 1515 233 1563 ipsa
247 1514 271 1552 ab
285 1515 327 1553 aliis
338 1516 378 1564 jam
393 1519 434 1552 erat
447 1516 521 1564 prolata
535 1520 567 1553 aut
579 1516 605 1553 ita
619 1522 728 1566 comparata
742 1520 782 1563 est,
796 1521 818 1554 ut

53 1568 138 1605 omnium
151 1577 252 1605 assensum
266 1578 288 1605 se
302 1567 383 1604 laturum
398 1578 442 1605 esse
457 1571 524 1605 auctor
537 1568 651 1615 praevidere
664 1570 735 1617 possit3
749 1569 766 1606 si
775 1568 818 1616 quis

53 1623 125 1657 tantum
139 1631 165 1657 ex
181 1619 287 1666 incidente,
304 1623 326 1657 ut
340 1619 415 1667 dicunt,
434 1623 467 1656 aut
484 1619 544 1657 veluti
561 1620 611 1657 aliud
630 1631 690 1670 agens
711 1621 818 1658 sententiae

53 1672 134 1721 alicujus
147 1673 263 1710 mentionem
277 1671 331 1717 facin
349 1672 366 1708 si
379 1673 399 1708 in
412 1671 513 1709 refutando
527 1676 624 1718 versatur,
639 1677 671 1710 aut
684 1671 724 1709 κατ’
739 1668 819 1718 ἄνθρω-

53 1737 89 1760 πον
103 1735 138 1761 seu
157 1735 183 1762 ex
201 1724 300 1762 concessis
318 1724 411 1772 disputat,
430 1735 467 1772 quo
486 1725 506 1761 in
524 1735 571 1762 casu
589 1725 668 1763 alterins
686 1726 819 1773 persuasione,

25 1810 29 1820 Ἴ,
53 1779 95 1813 utut
108 1776 166 1823 laisa,
180 1776 214 1813 niti
227 1776 281 1821 licet;
300 1777 317 1813 si
330 1776 412 1823 loquens
427 1776 477 1812 dicta
491 1787 525 1813 sua
540 1788 573 1824 pro
589 1777 664 1814 diversa
679 1778 785 1814 auditorum
800 1781 820 1813 et

53 1827 148 1866 lectorum
162 1828 258 1878 cogitandi
271 1828 404 1876 sentiendique
418 1829 492 1865 ratione
506 1828 526 1865 in
540 1829 645 1866 substantia
659 1831 726 1874 variat,
741 1832 760 1866 et
770 1839 819 1877 quae

54 1884 98 1917 sunt
111 1879 192 1917 similia:
205 1880 287 1929 loquens
297 1880 364 1917 saltem
378 1890 425 1918 non
439 1879 517 1918 debuit
532 1892 543 1917 e
557 1892 591 1918 sua
601 1881 764 1919 sententiaverba
773 1891 820 1929 pro-

54 1931 113 1980 lerre,
128 1935 147 1970 et
161 1932 193 1981 qui
206 1933 322 1970 contrarium
336 1935 444 1980 assereret,
461 1932 593 1971 demonstrare
607 1933 627 1971 id
640 1935 720 1983 primum
734 1933 820 1971 deberet

372 2215 464 2274 Caput
480 2215 503 2260 l.

255 2304 284 2342 De
299 2304 408 2343 conditione
421 2304 517 2353 loquentis
531 2307 618 2343 externa.

400 2418 420 2468 §2
436 2414 474 2456 oa.

55 2489 98 2528 Quid
113 2488 134 2519 sit
150 2487 221 2520 conditio
237 2486 317 2528 loquentis
333 2490 403 2526 externa,
415 2491 431 2517 et
442 2494 484 2559 quie
499 2487 584 2518 commoda
598 2488 633 2527 ejus
651 2484 721 2529 cognitio
738 2490 821 2533 interpreti

397 2534 474 2569 praesto.

108 2617 155 2655 Per·
169 2611 323 2655 conditionem
336 2615 452 2664 loquentis
467 2617 585 2653 externam
602 2614 681 2654 omnia
695 2628 723 2655 ea
737 2617 819 2659 intelli-

56 2671 153 2718 guntur,
172 2680 232 2717 quae
251 2668 343 2717 quidem
361 2670 426 2706 extra
443 2667 545 2706 artimum
559 2667 675 2716 loquentis
689 2669 747 2718 sita,
767 2683 819 2711 euru

51 2720 109 2770 *ejus
124 2721 303 2769 cogitationibus
317 2731 373 2759 vero
387 2719 492 2759 oratione
505 2719 662 2759 marntcstatis
672 2721 696 2760 in
704 2723 746 2761 tali
759 2734 819 2763 nexu
