1765 2921
67 111 97 151 ³0

68 209 160 258 quidem
174 208 258 247 virium
272 211 357 248 conatu
371 208 394 247 id
408 207 468 257 agit,
482 210 507 246 ut
521 219 561 247 eos
576 210 693 259 conciliet,
707 210 831 260 praecipue

68 262 89 300 si
104 263 186 300 auctor
203 263 316 310 profanus
330 261 390 308 alias
404 261 449 299 tide
463 261 546 309 dignus
561 272 614 300 esse
628 262 754 312 invenitur3
768 263 830 311 quod

68 314 89 353 si
104 313 153 352 lieri
172 325 218 352 non
237 316 327 363 posset,
347 313 448 351 diiinam
462 313 525 351 sacri
543 313 664 363 scriptoris
683 315 830 365 axiepistiam
880 356 881 359 Ἴ

69 367 158 414 absque
177 367 225 404 ulla
246 365 399 403 haesitatione
419 366 548 413 praeferret
569 366 696 414 cuicunque
716 368 831 405 humanae
877 369 883 378 ⁸

68 414 92 456 'et
106 418 198 456 fallibili
212 417 351 461 auctoritati.
370 439 387 443 -
408 417 524 465 interpres
542 429 605 456 inere
619 419 740 457 rationalis
754 417 832 456 autem
879 450 883 464 2

69 470 201 517 utriusque,
220 469 281 507 sacri
300 468 408 506 nimirum
426 471 449 506 et
466 469 559 518 profani
577 471 679 509 auctoris
696 471 832 509 relationem
879 491 883 515 ,ρ

69 525 95 561 ut
109 523 172 561 illam
187 522 246 559 inter
260 521 319 559 duos
334 521 446 570 profanos
460 525 550 571 spectat
565 525 587 561 et
600 526 697 572 tractat,
717 526 739 562 et
757 523 777 561 ei
792 523 838 560 tri·r
878 538 883 551 ι

69 575 119 613 buit
133 574 241 624 palmam,
256 574 295 621 qui
310 573 438 612 eruditione
452 575 554 614 bumana
569 576 668 614 eminere
682 576 778 614 videtur.
879 598 883 624 2

123 631 143 674 c)
159 627 274 677 interpres
293 627 365 673 cath„
385 627 515 676 ubicunque
536 627 648 667 miracula
667 631 759 679 patrata
779 639 832 667 nar·

69 681 118 720 rari
133 681 202 720 certis
218 692 244 719 cx
263 680 353 718 indiciis
372 681 480 730 colligere
499 681 562 729 licet,
582 693 609 720 ea
627 681 709 721 revera
727 681 833 721 evenisse
880 685 883 718 ἒ

69 735 167 774 tirmiter
180 736 242 772 tenet
256 733 445 783 pronuntiatque,
463 734 577 785 interpres
596 738 672 774 autem
686 747 749 775 mere
763 735 832 773 ratio-

70 800 94 827 n
88 788 132 827 uis
147 789 204 826 baec
218 789 282 825 facta
291 787 475 835 extraordinaria
483 790 523 826 aut
531 788 719 838 interpretatione
727 789 764 828 sic
771 788 833 826 dicta

71 834 236 902 pspclrologica
251 841 280 879 ad
295 841 390 879 enentus
404 851 467 878 mere
481 841 612 879 ordinarios
623 841 778 890 detorquebit
793 842 834 879 ant
879 852 883 891 [3

69 893 137 941 juxta
151 893 271 942 opiniones
286 904 343 931 suas
357 895 550 942 praeconceptam,
569 904 629 941 quae
645 894 743 933 rationis
762 893 834 931 effata
880 915 882 942 5

70 947 186 992 venditat,
205 947 296 993 mythos
315 943 420 991 habebit3
438 946 479 982 aut
497 956 539 994 pro
556 956 617 994 penu
633 946 762 994 sapientiae
776 956 833 983 suae
880 948 883 992 ,j

68 997 120 1046 jam
135 999 193 1036 baec
206 998 367 1046 amplectetur,
382 994 434 1042 jam
448 996 489 1035 illa
502 996 603 1044 rejiciet,
622 1000 662 1035 aut
681 999 711 1036 ad
729 998 833 1047 spuriam

71 1050 183 1098 originem
202 1051 224 1086 et
242 1047 378 1097 axiopistiae
396 1059 429 1086 ss.
443 1048 555 1087 librorum
574 1049 688 1088 defectum
706 1050 834 1088 concludet.

125 1104 148 1148 d)
162 1101 278 1149 interpres
293 1101 353 1138 catb.
363 1111 410 1138 non
419 1101 524 1139 concedit
534 1100 691 1140 diversitatem
700 1112 755 1140 vere
763 1102 834 1139 talem

71 1153 95 1192 in
109 1152 216 1192 doctrina
230 1155 252 1190 et
266 1151 412 1190 sermonibus
426 1152 529 1190 virorum
543 1153 716 1202 inspiratorum,
731 1155 771 1191 sire
786 1154 834 1190 aller

72 1206 133 1243 altero
149 1206 214 1253 plnres
226 1205 259 1242 nel
274 1206 375 1253 pauciores
390 1205 487 1242 doctrinas
501 1205 600 1250 exhibea13
619 1206 660 1243 sive
678 1217 727 1243 unus
734 1205 843 1253 :idemque
879 1206 883 1255 ζ

73 1258 154 1296 diversis
172 1257 317 1303 occasionibus,
336 1257 377 1294 sive
397 1256 468 1295 diversi
486 1257 564 1294 eandem
584 1257 688 1294 doctrinam
705 1259 758 1295 vario
777 1257 834 1294 modo
882 1295 883 1298 ,

30 1322 32 1324 ’
73 1314 190 1359 proponant,
203 1311 261 1347 variis
277 1309 399 1357 expertibus
414 1313 511 1357 spectent,
526 1309 659 1358 janciarius,
672 1311 834 1358 pachumius,

72 1374 124 1400 nunc
144 1361 216 1408 fusius,
237 1373 287 1398 iiunc
307 1361 384 1406 brevius
406 1361 511 1406 dclineenl;
532 1371 604 1409 quare
625 1361 731 1410 singulos
752 1372 852 1407 sacros,
881 1366 883 1389 ἓ

72 1415 199 1465 scriptores
214 1414 237 1452 in
251 1414 321 1452 rebus
335 1412 389 1451 fidei
403 1414 426 1450 et
439 1416 529 1451 morum
542 1412 721 1453 christianorum
731 1425 777 1453 non
785 1416 835 1452 tan·
881 1412 883 1461 ζ

71 1470 121 1507 tum
136 1479 163 1506 ex
176 1467 258 1506 iisdem
272 1466 342 1517 ipsis,
361 1466 491 1511 sedetiam
501 1476 528 1504 ex
542 1465 649 1505 omnibns
663 1467 770 1516 reliquis,
788 1467 835 1506 sin-

73 1522 179 1572 gulorum
194 1520 256 1559 dicta
270 1532 297 1559 ex
311 1520 401 1568 integro
415 1519 508 1558 Ganone
522 1520 551 1558 ab
566 1520 665 1559 ecclesia
679 1521 769 1560 sancito
782 1521 835 1559 har-

73 1575 163 1615 monice
175 1574 339 1623 interpretatur
348 1574 418 1621 atque
427 1572 535 1618 illustrat,
550 1574 573 1610 et
582 1574 763 1624 quotiescunque
773 1573 835 1622 eJus·

74 1628 137 1667 modi
151 1627 206 1676 quid
219 1626 365 1676 proponitur,
384 1625 446 1673 quod
463 1625 561 1664 rationis
579 1628 671 1675 captum
685 1627 835 1674 transcendit,

75 1682 105 1720 ab
120 1679 236 1727 artificiis,
256 1679 340 1728 quibus
354 1678 472 1727 religionis
486 1680 580 1717 nostrae
594 1679 705 1728 mysteria
719 1680 835 1718 eliminen-

74 1736 122 1781 tur,
137 1734 186 1771 toto
200 1732 277 1770 animo
292 1732 432 1778 abhorrens,
447 1731 560 1769 rationem
574 1742 641 1769 suam
654 1732 696 1770 liei
709 1732 835 1771 revelantis

74 1785 177 1825 oraculis
191 1786 296 1834 promtus
315 1783 475 1822 snbmittit.—
492 1784 534 1821 Ast
553 1783 666 1833 interpres
685 1796 747 1823 mere
765 1785 837 1822 ratio-'

74 1839 147 1884 nalis,
166 1848 212 1875 non
226 1836 323 1883 curans,
341 1846 396 1874 num
411 1823 468 1873 baec
481 1833 524 1873 vel
536 1835 576 1873 illa
595 1836 642 1873 siut
659 1838 774 1888 revelata,
793 1847 836 1874 nec

73 1902 110 1938 ne,
124 1890 171 1928 imo
185 1887 353 1926 renotationis*
344 1887 421 1948 ¹ipsius
435 1898 481 1925 non
495 1889 584 1925 tantum
598 1889 693 1935 factum,
707 1889 748 1927 sed
762 1890 785 1926 et
799 1899 836 1926 ar·

74 1943 207 1990 gumentum
222 1941 252 1977 ad
266 1939 363 1978 rationis
378 1950 435 1977 suae
448 1940 550 1977 tribunal
558 1950 680 1986 revocans,
695 1934 837 1988 proindeque
862 1982 863 1986 ,

75 1994 152 2032 omnia
166 2004 199 2030 ss.
213 1992 325 2030 librorum
340 1990 411 2029 effata
425 1991 455 2028 ad
468 1991 578 2030 trutinam
589 1992 714 2029 humanam
728 1992 835 2030 fallacem

75 2046 215 2094 ponderans,
234 2055 276 2093 pro
291 2044 385 2081 modulo
400 2045 482 2091 captus
500 2044 538 2081 sui
548 2042 600 2089 jam
615 2043 673 2080 baec
688 2055 730 2081 eeu
745 2054 800 2081 vera
814 2045 837 2081 et

60 2127 63 2132 ,
75 2096 161 2135 rationi
175 2096 304 2134 conformia
318 2095 481 2144 amplectetur,
497 2094 548 2142 jam
568 2094 607 2132 illa
625 2096 745 2143 tamquam
759 2095 837 2145 inepta

76 2151 117 2188 aut
131 2159 158 2187 ex
172 2149 385 2186 accommodatione
399 2149 451 2184 orta
464 2146 561 2193 rejiciet.

130 2203 150 2247 a)
164 2200 280 2248 interpres
295 2201 356 2238 cath.
375 2199 399 2236 in
417 2199 487 2236 rebus
506 2198 559 2237 fidei
578 2200 600 2236 et
618 2199 837 2238 morunrcnristia-

75 2264 159 2294 norum
174 2252 204 2290 ad
219 2253 331 2291 ecclesiae
345 2262 403 2289 suae
417 2261 511 2289 sensum
521 2254 544 2290 et
554 2251 686 2291 unanimem
698 2264 731 2291 ss.
740 2253 836 2291 Patrum

76 2306 217 2347 consensum
238 2305 353 2355 confugit,
375 2306 398 2342 et
418 2304 481 2352 loca,
503 2315 600 2354 quornm
621 2316 716 2345 sensum
737 2305 837 2344 ecclesia

76 2362 137 2400 cath
152 2358 255 2398 delinivit
269 2362 309 2397 aut
323 2368 403 2397 omnes
413 2357 495 2396 Patres
504 2360 589 2406 tenent,
604 2370 646 2397 nec
660 2360 748 2406 eontra,
764 2369 837 2407 neque

76 2427 103 2465 pr
105 2417 184 2461 aeter,
192 2412 235 2451 scd
245 2411 314 2460 juria
328 2411 392 2450 illum
407 2422 501 2450 sensum
516 2414 538 2451 et
552 2386 641 2450 nu’ncce
655 2422 795 2451 consensum
804 2413 838 2451 in-

77 2468 229 2517 terpretatur,
247 2476 329 2503 verum
347 2463 460 2512 interpres
479 2476 542 2504 mere
556 2464 678 2503 rationalis
692 2465 775 2504 redibit
790 2466 839 2514 qui·

47 2558 49 2563 ,
78 2520 130 2558 dem
148 2520 177 2558 ad
195 2518 357 2567 antiquitatem
376 2516 526 2556 christianam
545 2528 588 2556 ocu
606 2517 636 2555 ad
649 2517 736 2557 fontem
755 2529 839 2567 cogno-

78 2572 158 2611 scendi
175 2583 233 2611 usus
252 2569 361 2620 loquendi
380 2570 402 2607 et
421 2565 559 2609 conditionis
578 2580 730 2619 personarum
745 2572 839 2619 loquen-

78 2626 147 2671 tium3
162 2627 199 2662 ast
212 2625 267 2673 quia
281 2625 326 2663 boc
340 2633 386 2662 non
400 2622 426 2660 fit
440 2633 452 2660 e
467 2623 545 2661 causis
560 2622 705 2671 dogmaticis,
720 2623 761 2662 scd
777 2634 839 2662 mere
870 2623 873 2627 ’

78 2676 205 2723 lnstoriciS,
219 2688 293 2725 neque
308 2676 338 2714 ibi
353 2686 445 2724 semper
459 2676 555 2723 quaeret
565 2685 627 2722 vera,
642 2676 681 2713 ubi
691 2679 727 2714 est
737 2675 838 2714 onmium

78 2733 118 2769 aut
132 2727 282 2779 plurimorum
300 2728 479 2767 orthodoxorum
499 2738 640 2775 consensus,
659 2728 700 2766 scd
719 2739 789 2776 saepe
808 2728 839 2766 ibi
