1787 2921
743 39 744 43 *
779 68 820 108 ιιιι

55 163 189 214 doctrinam
203 176 285 214 nempe
302 177 436 215 suom-non
452 164 624 213 provocati-,ao
638 164 697 206 aliis,
706 165 823 209 adfermrt,

58 218 183 264 exornant,
197 218 353 265 argumentis,
368 215 758 266 gravioribusasseverationibus,
777 216 823 253 imo

35 273 39 276 '
59 268 252 318 etjurejurando
268 269 373 316 firmant,
393 271 415 311 et
434 269 517 308 contra
534 266 679 315 objectiones
698 267 824 307 vindicant.

59 324 105 364 Aut
118 322 197 374 itaque
214 313 334 364 latendum
351 324 398 373 est,
418 322 536 363 Christum
555 323 577 361 et
595 320 720 372 Apostolos
738 320 823 360 levium

53 380 84 419 ,et
97 377 255 432 improborum
274 377 392 417 hominum
411 378 487 417 instar
506 388 562 426 erga
575 387 632 415 vera
647 376 670 415 et
683 376 746 414 falsa
755 387 824 425 pror-

61 442 103 479 sus
117 425 276 470 indifferentes
290 431 376 478 fuisse,
395 419 436 469 aut
455 430 528 469 doctr
522 441 574 469 mae
593 440 674 478 eorum
687 429 788 468 indolem
803 430 825 467 ct

61 476 159 522 docendi
177 480 271 521 modum
289 494 381 521 orurrem
399 483 637 521 accommodationem
655 482 755 532 positive
770 482 825 529 dog·

61 535 171 580 maticam
185 536 253 587 plane
268 535 400 582 excludere3
418 536 457 573 ast
475 535 669 583 quemadmodum
683 535 748 573 illam
762 534 825 571 blas·

58 587 177 635 phemiam
184 582 308 644 reprobat,
322 587 355 624 ita
368 589 473 624 nostram
487 587 626 629 sententiam
638 587 761 624 confirmat

99 642 136 683 c)
151 632 274 675 character
288 637 374 674 Christi
388 639 411 674 et
423 638 598 684 Apostolorum
613 648 675 682 narn,
689 641 715 676 ut
725 639 753 675 de
763 648 825 679 sum·

57 699 105 728 -ma
114 687 201 738 Christi
214 687 339 737 sanctitate
352 687 410 725 nihil
424 687 537 733 dicamus,
551 690 630 736 utpote
644 689 684 737 qui
697 690 735 726 vel
745 699 786 726 cor
787 698 825 725 am

59 741 185 788 ¹acerrimis
197 740 298 780 inimicis
312 740 363 780 suis
378 739 454 779 dicere
468 741 571 790 poterat.
586 740 660 790 „Quis
674 740 778 782 exrobis'
789 751 826 778 ar-

61 798 116 846 guet
129 794 352 846 rne,de>peccato‘?“
367 793 446 841 (loann.
460 795 480 842 8,
493 793 543 842 tlh),
558 805 627 844 quem
640 794 711 838 Pater
724 793 826 845 repetiti·

61 849 92 889 tis
106 849 197 897 vicibus
211 848 340 887 declaravit
354 859 418 895 eum,
432 847 456 887 in
471 859 517 897 quo
531 848 577 887 sibi
591 848 743 897 complacuit,
758 859 826 896 quem

61 902 200 940 clarificavit
218 900 342 948 etiterum
362 901 533 939 clarificaturus
548 903 599 939 erat
617 901 660 946 (bit.
674 901 694 945 3,
710 900 740 938 li.
762 900 793 947 17,
808 902 827 937 5.

63 959 82 991 et
96 955 162 1002 parali.
177 954 245 991 Joann.
262 953 292 999 12,
307 953 355 999 28),
370 953 475 1002 Apostoli
490 964 581 1002 quoque
596 956 663 991 erant
676 953 721 991 viri
735 963 827 991 summo

63 1005 134 1044 animi
148 1006 250 1043 candore
264 1004 396 1053 conspicui,
415 1005 485 1042 simul
502 1016 559 1042 vero
578 1005 686 1053 intrepidi
698 1007 728 1043 ‘et
745 1006 827 1048 fortes,

63 1057 97 1094 ita
110 1059 136 1094 ut
154 1056 269 1094 voluntati
287 1056 329 1093 Dei
347 1058 431 1093 cuncta
449 1058 543 1093 terrena
561 1059 739 1104 postponerent,
757 1059 783 1094 ut
802 1067 828 1094 so

63 1118 178 1156 suamque
191 1107 284 1145 vivendi
298 1106 412 1151 rationem
427 1107 532 1144 coetibus
547 1108 682 1145 christianis
690 1118 772 1145 recens
782 1108 828 1144 col-

64 1160 130 1199 lectis
145 1159 281 1208 imitationis
296 1159 424 1209 exemplum
439 1170 568 1208 proponere
582 1161 689 1209 possent,
706 1159 761 1197 licet
775 1170 828 1197 con-

63 1216 113 1263 tra,
132 1212 244 1266 quidquid
262 1212 286 1252 in
305 1212 413 1261 eisboni
432 1214 494 1261 erat,
514 1214 555 1251 aut
573 1213 684 1263 quidquid
702 1212 828 1252 effecerant

64 1268 154 1317 magni,
173 1267 279 1307 nonsibi
293 1267 389 1315 suisque
403 1266 504 1314 meritis,
523 1267 566 1305 sed
579 1267 620 1306 lJei
635 1267 725 1317 gratiae
739 1266 828 1306 adscri-

64 1321 152 1368 berent.
173 1320 231 1369 Quis
242 1319 307 1368 jam,
326 1319 372 1357 nisi
385 1318 410 1357 in
423 1320 487 1364 viros
500 1319 574 1364 vhosce
588 1332 659 1367 quam
673 1321 772 1359 maxime
787 1320 829 1358 ini·

64 1382 140 1420 quus,
151 1382 258 1418 asserere
272 1371 368 1419 poterit,
387 1382 427 1409 eos
447 1372 580 1416 damnanda
599 1372 717 1421 hypocrisi
736 1374 829 1410 externe

65 1424 191 1472 probasse,
206 1434 267 1470 quae
281 1423 304 1461 iu
318 1425 394 1461 mente
409 1422 541 1470 improbare
556 1424 687 1466 debebant?¹
706 1424 763 1471 Quis
778 1424 830 1461 siue

65 1475 206 1522 gravissima
222 1474 348 1522 impietatis
363 1474 431 1521 culpa
446 1485 487 1511 eos
501 1474 664 1512 adnumerahit
678 1475 773 1513 illorum'
790 1476 830 1512 ho-

65 1526 152 1564 minum
166 1525 283 1564 levissimi·
298 1524 369 1563 animi
388 1527 506 1572 catervae,
525 1526 565 1573 qui
583 1526 658 1564 solido
678 1527 830 1564 fundamento

66 1578 178 1626 destituti,
193 1577 256 1618 omni
270 1579 339 1617 vento
354 1576 474 1616 doctrinae
488 1577 618 1628 agitantur,
633 1580 655 1617 et
669 1579 759 1617 favoris
773 1579 830 1617 alio-

65 1643 117 1672 rum
132 1632 221 1683 cupidi,
240 1643 315 1679 vanae
330 1631 406 1670 solum
420 1631 521 1671 nominis
534 1632 629 1681 vgloriae
644 1635 685 1672 aut
698 1632 766 1672 bonis
779 1634 830 1671 tan-

65 1688 115 1725 tum
131 1687 231 1725 terrenis
249 1686 366 1723 inhiantes
383 1695 475 1724 omncru
493 1686 600 1724 veritatis
621 1697 717 1725 sensum
738 1689 786 1725 tum
806 1687 831 1724 in
884 1697 887 1701 ’

60 1750 101 1785 se,
115 1739 185 1788 tum·
178 1749 202 1776 ιιι
216 1737 270 1775 aliis
285 1737 417 1784 extinguere
432 1748 478 1775 non
492 1739 650 1776 erubescunt?
671 1739 749 1787 Longe
763 1739 831 1777 aliter

66 1790 154 1838 primos
171 1781 291 1838 religionis
310 1788 453 1826 christianae
471 1799 599 1837 praecones
616 1790 691 1828 fuisse
705 1791 830 1836 animatos,

67 1842 153 1889 docent
164 1841 262 1891 denique

120 1895 143 1939 d)
157 1893 259 1930 adversa
272 1901 353 1929 eorum
367 1881 424 1930 lata.
445 1891 472 1930 Si
490 1892 551 1930 enim
569 1893 784 1938 accommodatione
794 1894 831 1931 ad

67 1920 143 1983 talsas
157 1947 209 1992 tum
220 1944 374 1992 Judaeorum,
393 1946 442 1982 tum
460 1944 579 1993 gentilium
597 1945 718 1993 opiniones
738 1948 831 1983 cuncto·

64 2010 120 2038 rum
135 1999 241 2048 feruorem
255 1996 301 2036 sibi
315 1998 338 2035 et
351 1996 395 2036 rei
400 2008 458 2037 suae
472 1996 597 2037 conciliare
612 1997 765 2046 studuissent,
779 2009 832 2048 ιιι-ιι

68 2053 106 2092 cul
120 2042 191 2101 dublo
200 2062 297 2101 neque
294 2043 421 2098 Christus*
415 2058 475 2101 rpse
480 2054 574 2101 propter
588 2054 733 2092 constantem
743 2052 832 2096 doctri·

69 2117 113 2144 nae
134 2116 197 2150 suae
203 2104 391 2153 professionem
402 2106 493 2149 tantum
513 2104 697 2150 Pharisaeorum
716 2117 744 2144 ao
761 2100 832 2154 legis-

54 2157 195 2206 :peritorum
209 2156 295 2201 odium,
309 2156 344 2193 tot
358 2160 437 2204 etrum
451 2156 551 2204 insidias
565 2157 743 2204 et-calumniaS,
757 2160 781 2197 et
794 2158 832 2195 de-

69 2209 139 2257 nique
153 2209 212 2246 adeo
226 2207 405 2255 ignominiosum
420 2208 498 2252 crucis
512 2209 651 2257 supplicium
661 2209 780 2255 subiisset,
794 2220 833 2247 ne-

69 2271 114 2309 que
131 2259 236 2308 Apostoli
253 2258 306 2305 ejus
324 2260 401 2304 tanta*
409 2259 494 2308 ubique
513 2262 591 2297 essent
608 2261 726 2309 perpessi,
745 2263 833 2308 quauta

69 2323 91 2351 v.
106 2311 270 2361 g.⁴s..Paulus,
279 2312 331 2358 tum·
341 2310 366 2358 in
379 2310 470 2350 Juuaca
484 2312 507 2350 et
521 2311 690 2361 llierosolyrnis
709 2324 723 2350 a
737 2313 833 2361 popula-

69 2365 136 2405 ribus
144 2363 210 2413 suis,
214 2366 272 2408 tum
283 2362 309 2408 in
323 2362 431 2404 omnibus
440 2364 502 2412 tere,
517 2375 576 2414 quas
591 2365 655 2413 adiit,
670 2365 799 2415 provinciis¹
811 2368 834 2404 et

69 2419 175 2467 urbibus
182 2430 197 2457 a
210 2416 307 2464 Judaeis
321 2418 344 2456 et
358 2418 456 2457 ethnicis
470 2419 609 2469 perferenda
622 2420 710 2459 babuit.

124 2462 214 2521 Quodsi
227 2474 306 2510 tamen
319 2470 356 2509 his
370 2471 478 2511 omnibus
492 2483 539 2511 non
553 2473 701 2512 obstantibus
713 2474 766 2513 hinc
780 2473 833 2512 inde

71 2524 223 2572 agnovissent
236 2523 407 2570 necessitatem,
422 2525 587 2573 propagandae
596 2526 716 2586 religionis
726 2526 833 2564 christri

71 2587 116 2614 nae
135 2586 209 2613 causa
225 2574 343 2618 tenuiores
361 2577 384 2613 et
400 2576 476 2613 falsas
495 2576 594 2614 aliorum
612 2577 732 2625 opiniones
751 2589 833 2626 ιιιιιιιιι-

45 2633 49 2637 ’
71 2627 154 2665 bandi·
172 2637 214 2675 pro
229 2626 384 2664 charactere'
378 2637 478 2674 ingenuo
492 2638 521 2664 ac
538 2638 581 2676 pro
595 2628 640 2665 line
654 2640 698 2666 suo
712 2629 816 2667 saltem
810 2640 833 2665 m

33 2714 38 2721 ,
72 2678 151 2727 aliquo
164 2678 276 2716 librorum
291 2688 388 2716 suorum
401 2679 461 2725 loco,
474 2679 512 2716 vel
526 2679 618 2720 cuidam
633 2680 783 2726 imniliarimu
793 2680 833 2724 ali-
