1765 2921
60 118 91 157 92

61 215 179 264 amagistro
194 226 217 253 ac
230 214 311 253 Domino
329 213 427 263 discipulis
445 214 553 264 legatisque
571 214 614 252 dato
628 213 687 251 verba
700 214 753 252 tinnt.
774 214 826 253 Sen-

61 268 130 304 tentia:
151 267 199 316 ,Qui
213 268 280 315 habet,
295 268 370 304 dabitur
383 267 411 314 ei,
427 268 519 315 quivero
534 279 572 305 non
587 266 649 314 habet,
664 271 684 304 et
698 267 749 316 quod
763 267 825 315 habet,

62 319 160 357 auferetur
179 321 202 357 ab
217 321 260 367 eo,“
280 320 311 356 lit.
328 318 358 367 13,
374 319 405 358 12.
424 320 512 357 denotat:
531 320 566 364 Qui
585 320 665 357 animum
685 320 708 356 ad
727 320 825 358 sublimem

62 376 82 409 et
99 372 230 410 absconditam
248 371 352 409 doctrinam
371 372 395 409 de
413 383 475 421 regno
494 372 529 410 Dei
548 372 598 411 nude
617 371 758 421 percipiendam
775 372 826 409 bene

62 423 174 472 dispositum
194 425 260 470 babet,
279 428 300 460 ut
317 435 353 461 uos
371 423 470 472 Apostoli,
488 424 544 474 hujus
563 425 642 463 scientia
657 426 735 473 proprio
749 424 826 461 dicendi

62 487 136 525 genere
154 488 165 514 a
183 487 213 513 me
232 475 314 512 adltibito
335 476 358 512 ad
377 487 465 526 maguum
482 488 544 525 usque
563 477 641 527 gradum
661 476 772 526 augebitur3
794 477 826 523 qui

62 532 126 566 autem
140 528 164 565 ad
178 527 288 565 sublimiora
302 528 383 565 animum
398 539 436 565 non
446 528 504 565 babet
513 529 631 577 dispositum,
646 529 672 566 uti
681 529 754 577 reliqua
765 528 826 575 turba,

62 584 128 628 aperta
147 591 169 616 ac
187 580 265 628 propria
284 579 360 617 dicendi
378 581 454 618 ratione
472 592 528 619 ame
547 580 647 618 observata
667 581 690 619 ab
709 580 826 629 praejudicia

63 642 98 669 sua
112 643 151 669 non
165 635 235 669 tantum
250 632 307 678 haec,
323 632 358 670 sed
373 633 429 670 etiarn
443 633 485 678 illa,
499 644 548 681 quae
559 633 598 682 jam
612 633 665 681 prius
680 636 793 681 perceperat
807 635 827 668 et

63 684 177 730 admiserat,
196 684 313 732 repudiaret.
334 683 504 732 clausaeque.
519 685 551 731 25,
566 685 598 723 29.
620 685 666 722 Luc.
681 684 712 731 19,
726 684 769 723 26.:
790 683 826 726 Qui

62 736 119 774 bonis
134 735 171 773 sibi
185 737 291 782 concessis,
306 737 373 786 gratiis
388 748 410 773 ac
424 736 523 774 beneliciis
537 737 621 783 acceptis
628 740 681 774 recte
692 747 714 773 ac
722 737 826 774 conscien-

65 788 115 826 tiose
129 789 194 836 utitur,
209 789 228 826 ei
241 789 295 837 plura
310 788 446 835 concedentur,
461 788 606 837 insignibusque
616 789 704 836 praemiis
719 788 826 833 ornabitur3

64 841 157 888 quivero
171 841 209 878 illis
224 840 388 888 qualibuscunque
402 844 507 877 nonrectc
522 841 590 885 utitur,
610 840 627 876 ei
646 839 701 877 etiarn
720 839 768 877 baec
783 839 827 876 adi-

63 896 145 939 mentur,
160 896 180 930 et
194 894 293 930 maximam
308 892 343 929 sibi
358 892 444 929 causabit
458 892 558 928 miseriam.
575 891 610 928 llr.
624 890 643 937 4,
658 891 701 929 25.ι
716 891 752 936 Qui
766 891 826 929 sedu-

63 944 101 982 lam
109 955 132 982 ac
142 945 267 982 continuatam
277 943 375 980 doctrinae
382 954 437 981 meae
445 943 521 980 adhibet
529 944 657 990 attentionem,
670 944 727 992 huJus
741 944 826 993 cognitio

63 996 147 1044 majores
162 1007 238 1043 semper
251 995 309 1033 faciet
322 1005 448 1044 progressus3
467 996 499 1043 qui
517 1005 564 1032 vero
583 996 707 1033 attentionem
720 995 775 1033 istam
789 1006 827 1032 ne-

64 1048 128 1097 gligit,
146 1047 196 1085 illius
211 1048 281 1097 exigua
296 1057 382 1094 quoque,
402 1058 457 1095 quam
471 1051 538 1084 nactus
557 1052 608 1094 erat,
626 1048 720 1085 minuetur
735 1047 827 1097 cognitio.

116 1099 201 1136 Dictum:
216 1098 270 1146 ,Qua
280 1109 369 1136 mensura
381 1100 442 1136 mensi
450 1099 532 1148 fueritis,
546 1099 613 1137 eadem
626 1100 738 1137 remetietur
750 1100 826 1146 vobis,“

65 1151 89 1187 ob
104 1155 214 1188 contextum
229 1150 308 1188 denotat
321 1151 355 1187 lllr.
369 1151 388 1197 4,
403 1150 446 1189 24:
464 1151 504 1194 Ouo
520 1151 652 1200 diligentiores
666 1152 685 1187 in
700 1150 793 1187 audienda
808 1155 828 1188 et

64 1203 200 1251 perspicienda
214 1202 301 1239 doctrina
314 1213 356 1238 mea
370 1202 455 1248 fueritis,
474 1213 497 1239 eo
517 1203 578 1250 maJor
592 1203 707 1251 cognitionis
722 1202 745 1239 ad
759 1213 827 1240 munus

65 1254 148 1291 docendi
165 1255 288 1291 necessariae
306 1264 395 1290 mensura
413 1254 468 1291 vobis
488 1256 596 1303 continget,
616 1254 648 1291 blt.
666 1265 713 1290 vero
733 1253 751 1300 t,
770 1254 789 1292 2.
808 1257 828 1290 et

64 1306 110 1342 Luc.
125 1307 144 1352 6,
158 1305 201 1343 38.:
219 1306 255 1342 Par
268 1316 303 1354 par
316 1307 357 1354 pari
370 1305 425 1342 vobis
438 1306 534 1342 referetur
547 1317 558 1342 a
571 1305 624 1352 Deo,
637 1305 701 1342 futuro
715 1309 780 1342 vestro
793 1306 828 1353 J'u-

66 1357 109 1394 dice
123 1368 146 1394 ac
159 1361 311 1394 remuneratore.
325 1377 350 1383 —
365 1356 450 1394 Eodem
464 1357 532 1394 modo
546 1367 619 1395 nexus
632 1356 702 1404 logici
710 1356 771 1394 ratio
780 1367 828 1394 ma-

64 1408 162 1447 nifastat

121 1460 142 1498 1.
157 1460 241 1508 quibus
255 1458 367 1498 limitibus
381 1470 472 1507 vocum,
486 1460 640 1498 formularum
654 1462 676 1498 et
689 1459 828 1508 propositio·

64 1522 120 1550 num
133 1511 170 1550 vis
184 1511 216 1550 sit
229 1511 420 1559 constringenda3
438 1522 494 1549 num
508 1511 570 1550 dicta
588 1512 705 1558 absolute,
725 1521 755 1549 au
769 1511 828 1549 rela-

64 1564 112 1602 tive
126 1564 174 1603 sint
186 1563 348 1613 intelligenda3
365 1563 399 1602 ita
412 1563 521 1602 nimirum
539 1574 619 1602 eorum
633 1565 737 1613 potestas
752 1565 788 1601 est
802 1562 829 1602 li·

65 1616 171 1654 mitanda
185 1618 226 1653 aut
239 1616 389 1661 extendenda,
403 1617 429 1652 ut
440 1616 631 1664 praecedentibus
640 1617 669 1654 'et
677 1615 828 1663 sequentibus

66 1668 213 1706 coiiveuiant.
227 1667 258 1705 Sic
271 1679 290 1704 v.
305 1679 325 1717 g.
339 1669 381 1705 Act.
395 1667 414 1712 9,
428 1667 460 1706 32.
474 1667 555 1706 formula
569 1665 601 1704 διὰ
612 1665 686 1703 πάντων
695 1666 829 1717 restringenda

67 1724 97 1758 est
112 1721 135 1757 ad
150 1720 210 1758 solam
224 1720 349 1757 Palaestinam
363 1724 401 1757 turn
416 1720 440 1757 ob
454 1732 472 1757 v.
487 1719 523 1768 31,
539 1725 576 1758 turn
591 1721 616 1757 ob
630 1732 662 1767 ea,
677 1731 726 1768 quae
741 1731 782 1768 cap.
797 1718 828 1766 10,

65 1773 169 1822 praecipue
182 1785 201 1811 v.
215 1772 247 1811 28.
261 1771 356 1823 leguntur.
376 1772 458 1810 Verbum
476 1770 540 1821 ἔχομεν
552 1772 574 1811 ll.
588 1773 638 1810 Petri
654 1772 670 1819 1,
687 1772 717 1809 19.
737 1772 760 1809 ad
775 1772 829 1809 solos

65 1825 171 1875 Apostolos
185 1826 340 1875 restringendum
354 1836 405 1873 esse,
420 1825 477 1863 docet
488 1838 506 1864 v.
518 1826 548 1864 16.
565 1825 594 1864 18.
609 1826 671 1874 Verba
682 1825 751 1863 Gliristi
760 1824 830 1863 Joann.

66 1878 85 1927 t,
100 1879 129 1917 8.:
150 1878 203 1928 ,Ego
221 1890 261 1916 non
279 1877 392 1916 ascendam‘
412 1890 450 1916 non
469 1890 514 1917 csse
531 1880 628 1925 absolute,
648 1878 683 1916 sed
702 1877 830 1926 comparative

65 1931 196 1982 intelligenda,
212 1931 295 1969 ostendit
308 1943 326 1968 v.
342 1931 378 1979 10,
394 1942 430 1969 nec
444 1942 483 1969 non
496 1943 514 1969 v.
528 1930 547 1969 3.
562 1936 581 1969 et
593 1931 612 1968 4.
631 1931 645 1968 l.
660 1930 703 1969 Gor.
718 1929 737 1977 9,
752 1929 784 1968 19.
797 1930 830 1968 22.

66 1985 103 2022 vim
117 1986 172 2022 vocis
186 1986 224 2026 πᾶς
238 1984 295 2021 docet
307 1996 325 2020 v.
340 1984 371 2021 20.

120 2037 202 2074 'landem
217 2048 242 2073 ex
254 2037 348 2074 orationis
362 2038 413 2074 serie
427 2041 571 2086 cognoscuntur

122 2089 142 2125 5.
161 2100 221 2136 quae
239 2090 336 2137 loquens
356 2088 458 2127 audienti
476 2089 513 2127 vel
532 2086 617 2136 legenti
635 2086 764 2136 supplenda
777 2086 830 2125 reli·

68 2139 124 2189 quit.
145 2140 254 2179 Homines
274 2151 374 2189 uanique
392 2151 439 2179 non
457 2151 538 2179 omnes
556 2139 671 2189 cogitatus
689 2142 729 2178 aaut
743 2139 829 2188 eogita-

67 2194 133 2230 tuum
148 2195 226 2240 partes
241 2204 332 2242 semper
346 2194 368 2231 et
381 2193 467 2241 ubique
481 2192 609 2241 exprimere
623 2192 709 2240 solent3
723 2192 765 2231 sed
775 2192 830 2240 quia

67 2247 109 2283 aut
122 2244 287 2282 vehementiori
305 2245 383 2283 animo
401 2244 500 2293 praediti
519 2246 585 2287 sunt,
604 2246 645 2282 aut
663 2244 716 2283 aliis
735 2244 830 2282 motivis

67 2297 195 2343 ducuntur,
215 2296 309 2335 omissis
323 2296 456 2335 notionibus
474 2295 555 2334 mediis
570 2296 599 2334 ad
613 2296 740 2335 remotiora
753 2297 830 2334 ferun-

67 2351 112 2387 tur.
127 2350 193 2397 Quae
207 2357 262 2385 uero
276 2349 311 2386 sic
325 2359 460 2397 suppressa,
475 2350 498 2386 et
507 2348 537 2386 ad
548 2349 640 2397 plenam
654 2359 738 2386 sensus
753 2347 830 2396 cogni·

67 2401 153 2439 tionern
172 2400 308 2438 iieeessaria
327 2402 393 2446 sunit,
415 2410 486 2448 saepe
505 2411 532 2438 en
550 2400 601 2449 ipso
620 2401 727 2438 contextu
746 2411 830 2448 eogno-

68 2455 177 2499 seuntur,
197 2462 249 2489 curn
268 2452 305 2489 vel
319 2462 362 2489 ceu
375 2452 523 2490 necessariae
540 2452 684 2501 praemissae
698 2463 830 2501 supponan-

40 2547 42 2552 ,
67 2506 117 2552 tur,
135 2506 172 2543 vel
191 2515 217 2543 ex
237 2502 351 2553 oppositis
369 2502 538 2551 intelligantur,
556 2515 568 2542 e
586 2504 670 2552 quibus
684 2506 783 2545 urerrtem
797 2504 830 2541 lo-

69 2556 160 2605 quentis
174 2556 335 2606 perspicimus.
356 2555 378 2592 V.
393 2567 411 2605 g.
425 2555 478 2592 Rom.
494 2556 525 2603 15,
539 2555 558 2592 3.
572 2556 663 2606 legimus:
680 2557 777 2604 ,Christus
791 2566 831 2593 uon

68 2609 104 2646 sibi
120 2610 189 2656 placuit
204 2613 252 2655 [nou
267 2620 321 2647 suurn
335 2608 435 2655 honorem,
450 2619 502 2645 suam
512 2608 592 2657 gloriam
603 2610 712 2656 quaesivit),
727 2610 761 2646 sed
771 2613 830 2657 (sup-

68 2661 167 2709 plendum:
180 2661 259 2699 honoris
274 2661 332 2705 divini
346 2661 408 2698 studio
423 2660 526 2710 flagravit),
542 2661 591 2697 sicut
604 2662 693 2710 scriptum
708 2666 738 2699 est
752 2661 830 2707 (Psalm.

68 2714 101 2761 68,
121 2712 173 2757 10.]:
193 2713 309 2762 improperia
331 2714 497 2763 improperantium
519 2713 552 2750 tibi
571 2713 682 2751 ceciderunt
702 2725 759 2763 super
780 2709 829 2750 mest-⁴
