1787 2921
769 87 798 126 13

35 193 205 243 conspiratione
218 190 243 229 N.
252 191 277 229 Τ.
292 191 413 229 auctorum
427 186 546 227 conciliari
560 189 683 234 nequeunt.
697 185 798 232 Quomodo

35 249 83 286 enim
99 246 190 294 explicari
204 249 275 294 posset,
291 244 322 293 qui
332 243 400 280 factum
410 243 442 287 sil,
456 246 476 280 ιιι
485 241 596 289 frequenter
606 245 707 277 occurrant
721 250 798 289 pugnae

34 299 164 348 apparentes?
183 302 203 334 ut
220 298 243 334 de
262 308 299 334 una
317 296 422 343 eademque
441 295 518 332 materia
538 292 624 341 pluribus
643 293 662 328 in
677 293 753 339 scriptis
767 292 799 328 liat

34 351 113 401 sermo‘,l
127 354 148 387 ut
162 351 266 397 scriptores
281 349 330 385 sacri
344 359 384 387 non
397 348 420 385 ad
434 348 515 384 invicem
530 348 647 393 provocent,
663 349 694 381 aut
708 355 746 381 non
761 344 799 380 ob-

34 407 96 441 stante
113 413 184 440 summa
199 401 308 440 sinceritate
327 410 360 436 sua
379 399 403 436 de
422 400 454 436 tali
473 398 616 445 conspiratione
634 408 729 444 uunquam
743 407 799 432 men-

34 456 104 492 tionem
124 453 209 490 faciant?
235 451 272 487 Ast
289 452 394 498 Apostolos
413 452 436 488 ad
455 451 517 488 omnia
536 448 645 486 scribenda
658 460 696 486 non
718 448 799 495 conspi-

33 517 95 552 rasse,
109 505 218 542 luculenter
231 502 302 539 docent
465 526 468 532 ,

87 559 108 601 o)
122 555 203 602 aperta
221 562 313 602 quoque
331 550 435 599 ipsorum
454 563 487 590 ss.
504 552 617 601 librorum
637 551 715 590 effata.
737 550 769 588 Sic
783 561 799 587 s.

33 607 102 644 Paulus
116 608 136 643 in
149 606 169 643 ll.
183 604 250 641 Thess.
264 604 283 649 2,
300 603 323 640 15
338 607 412 640 mouet:
428 603 526 650 „Fratresl
541 607 590 640 state
605 607 624 640 et
633 607 696 640 tenete
711 603 799 640 traditio-

34 671 75 705 nes,
91 669 137 706 quas
152 656 244 695 didicistis
259 656 300 694 sive
310 666 345 704 per
354 666 469 700 sermonem,
484 655 525 692 sive
533 666 568 703 per
578 655 679 703 epistolant
689 655 787 693 nostram“
792 668 798 701 ;

34 713 54 750 iu
67 710 88 749 ll.
103 710 149 748 Tim.
164 710 183 756 2,
198 709 221 748 2:
235 708 303 758 „Quam
317 707 387 746 audisti
401 719 411 745 a
426 719 455 745 me
469 718 504 756 per
518 707 588 745 multos
602 711 670 754 testes,
684 706 733 745 haec
743 718 799 745 com-

34 763 102 803 menda
116 763 203 801 fidelibus
217 761 332 809 hominibus,
347 762 379 811 qui
392 760 458 799 idonei
472 764 527 799 erunt
542 765 561 799 et
575 760 624 800 alios
639 760 730 799 docere.“
745 760 799 799 Prior

34 819 89 857 locus
103 817 230 863 demonstrat,
250 815 344 864 duplicem
363 814 435 853 fontem
454 814 551 853 doctrinae
570 814 684 853 christianae
699 826 799 853 commen-

35 872 92 910 dasse
106 869 226 918 Apostolum,
240 870 328 906 nimirum
342 869 414 916 scripta
428 872 448 905 et
462 868 593 914 traditionem3
607 867 655 906 alter
668 879 716 906 vero
731 873 799 906 osteu-

35 924 72 971 dit,
91 923 176 972 gentium
194 922 293 959 doctorem
311 921 424 958 institutioni
442 932 489 958 suae
508 921 551 958 viva
565 932 614 959 voce
628 921 690 958 tactae
705 932 798 958 summum

35 976 125 1014 tribuisse
139 979 259 1021 momentum,
274 978 294 1011 et
308 978 415 1011 accuratam
430 975 471 1023 ejus
486 975 651 1011 conservationem
666 974 703 1020 ipsi
716 973 799 1010 maxime

36 1027 169 1065 cordifuisse.
189 1026 240 1064 Hoc
257 1026 334 1075 ipsum
351 1025 474 1064 edocentur
490 1027 520 1063 ab
534 1025 701 1074 Evangelistis,
719 1027 799 1074 utpote

15 1080 17 1082 ’
36 1080 75 1128 qui
93 1089 164 1127 saepe
181 1078 295 1126 fatentur,
316 1078 390 1115 multa
408 1078 436 1115 de
452 1077 502 1115 vita
521 1078 579 1115 Jesu
600 1077 685 1115 Christi
706 1077 799 1116 silentio

35 1141 88 1169 esse
102 1129 276 1179 praetermissa,
290 1131 317 1166 uti
331 1129 399 1166 Joann.
414 1129 447 1170 20,
462 1128 494 1166 30.
508 1129 541 1176 21,
556 1131 588 1168 25.
603 1134 622 1167 et
637 1130 679 1167 coll.
694 1130 737 1166 Act.
753 1130 770 1173 1,
785 1129 798 1166 3

35 1184 78 1220 illos
93 1186 146 1219 certe
161 1182 269 1231 gravissimi
283 1182 373 1218 momenti
387 1192 497 1227 sermones,
516 1193 525 1217 a
540 1182 587 1224 lesu
600 1181 686 1218 redivivo
701 1182 725 1217 ad
740 1181 800 1218 disci-

35 1235 89 1282 pulos
104 1234 179 1271 habitos
194 1233 271 1270 chartae
290 1232 379 1270 mandare
396 1234 545 1270 intermiserunt.
567 1233 605 1270 Glr.
618 1233 664 1285 Luc.
679 1233 711 1280 24,
726 1232 758 1271 27.
772 1254 800 1260 —

34 1286 121 1332 Denique
452 1325 453 1328 Ἰ

88 1338 111 1382 ct}
126 1348 158 1374 ss.
172 1336 256 1374 Patres
270 1347 361 1384 quicque
380 1336 476 1374 eandem
495 1337 617 1375 nobiscum
636 1336 664 1375 de
683 1348 704 1388 s,
722 1335 800 1385 Scrip-

35 1390 89 1427 tura
102 1389 180 1427 tenent
194 1388 338 1427 sententiam.
353 1389 384 1427 Sic
398 1401 415 1427 v.
430 1401 449 1439 g.
464 1389 621 1428 Tertullianus
636 1389 723 1428 adductis
732 1390 799 1438 partim

36 1443 155 1494 dogmaticis,
169 1443 237 1492 partim
252 1442 404 1492 disciplinaribus
419 1443 502 1481 materiis
517 1442 572 1480 dicit:
588 1443 669 1491 ,Harum
685 1447 705 1481 et
719 1443 798 1481 aliarum
838 1491 840 1493 Ι

36 1496 130 1545 ejusmodi
144 1496 285 1543 disciplinarum
300 1497 316 1534 si
330 1496 392 1546 legem
407 1496 518 1544 expostules
528 1496 670 1545 scripturarum,
685 1496 756 1534 nullam
765 1497 798 1533 in-

35 1549 207 1595 veniam-traditio
222 1549 255 1586 tihi
270 1549 404 1597 praetendetur
418 1550 504 1596 auctrix,
524 1549 643 1588 consuetudo
661 1550 798 1596 consumatrix,

37 1606 56 1639 et
69 1601 116 1640 tides
131 1599 269 1640 observa'trix.“
291 1602 361 1639 Ceron.
375 1602 412 1639 mil.
428 1614 444 1639 c.
459 1602 477 1640 3.
491 1624 517 1629 —
536 1602 707 1651 &Stephanus
721 1602 798 1652 Papa:

37 1654 104 1700 ,Nihil
119 1655 185 1702 inquit,
199 1655 307 1698 innovetur,
321 1655 358 1691 nisi
372 1654 422 1701 quod
437 1654 524 1692 traditum
538 1660 575 1701 est,
588 1660 610 1692 ut
623 1667 689 1692 manus
698 1657 800 1703 imponan-

29 1702 67 1743 'tur
84 1708 103 1743 in
123 1707 276 1754 poenitentiam.“
297 1706 352 1755 Apud
371 1717 386 1743 s.
406 1707 493 1754 Cypriam.
508 1718 537 1754 ep.
552 1707 579 1744 74
592 1708 616 1744 ad
633 1707 717 1755 Poinpej.
733 1729 755 1733 —
775 1706 800 1744 S.

35 1757 138 1795 Basilius
153 1759 188 1794 ait:
209 1758 334 1808 ,Dogmatum
352 1763 371 1795 et
389 1759 538 1805 institutionum,
549 1770 607 1808 ,quae
625 1760 644 1796 in
659 1760 741 1797 ecclesia
756 1771 800 1795 scr-

36 1814 79 1847 vata
94 1814 145 1856 suut,
160 1810 195 1846 alia
210 1811 285 1858 quidem
299 1810 390 1847 habemus
405 1812 424 1847 im
438 1811 530 1857 doctriua,
546 1823 594 1859 quae
609 1812 676 1848 litteris
687 1812 799 1860 consignata

37 1866 79 1907 est,
93 1862 130 1899 alia
144 1872 191 1899 vero
205 1873 231 1899 ex
244 1862 381 1909 Apostolorum
396 1862 497 1900 traditione
512 1863 536 1899 ad
549 1874 585 1900 nos
600 1863 711 1900 transmissa
726 1864 749 1898 in*
759 1873 800 1910 mp-

38 1914 96 1950 sterio
115 1914 230 1961 accepimus.
252 1913 304 1956 Quae
321 1918 401 1961 utraque
421 1915 499 1951 eandem
520 1916 557 1951 virn
575 1915 598 1952 ad
616 1916 704 1963 pietatem
723 1915 799 1950 habet.“

37 1964 76 2002 Lib.
91 1965 115 2003 de
130 1965 161 2013 Sp.
176 1976 191 2002 s.
207 1977 235 2014 cp.
250 1963 282 2004 27.
297 1987 322 1993 —-
336 1965 361 2004 S.
376 1966 556 2014 chrysostomus
566 1967 616 2004 hom.
629 1967 649 2003 4.
664 1967 682 2003 iu
696 1967 717 2004 ll.
732 1966 799 2004 Thess.

37 2017 143 2055 inlocum:
159 2018 223 2066 ,State
238 2022 257 2055 et
270 2022 334 2055 tenete
349 2018 473 2056 traditiones“
487 2020 513 2056 ita
529 2023 665 2056 commentatus
680 2023 720 2056 est:
739 2018 799 2066 ,ilinc

38 2074 68 2108 est
82 2072 213 2121 perspicuum,
228 2070 278 2120 quod
293 2082 332 2110 non
347 2071 407 2109 omnia
423 2071 539 2109 tradiderunt
553 2071 661 2121 (Apostoli)
676 2083 711 2121 per
725 2072 800 2121 episto-

0 2125 2 2151 ?
37 2123 80 2172 lam,
95 2124 129 2163 sed
144 2124 201 2163 multa
216 2126 272 2163 etiam
287 2125 328 2164 sine
343 2126 425 2175 scriptis,
441 2129 460 2163 et
473 2136 496 2162 ea
511 2136 587 2174 quoque
601 2130 645 2164 sunt
653 2126 690 2164 tide
700 2126 764 2176 digna.
775 2147 800 2154 -

37 2176 71 2216 Est
85 2178 172 2230 traditio,
190 2178 236 2216 nihil
250 2179 329 2228 amplius
348 2178 437 2228 quaere.“
452 2200 478 2207 -
496 2178 520 2217 S.
534 2177 677 2228 Epiphanius
691 2180 715 2217 ad
728 2179 742 2217 l.
757 2178 800 2217 Gor.

0 2232 1 2236 ’
40 2230 70 2275 11,
84 2232 97 2270 2
110 2232 218 2279 respiciens
232 2232 277 2270 dicit
290 2232 365 2270 haeres.
376 2232 412 2277 613
427 2232 477 2281 ,Sed
487 2236 506 2269 et
515 2232 617 2270 traditione
628 2244 676 2282 opus
687 2237 723 2280 est,
737 2243 800 2279 neque

0 2292 1 2295 ’
39 2285 88 2321 enim
103 2284 244 2332 exscriptoris
259 2285 563 2333 petipossuntomnia.ldcirco
582 2285 619 2322 alia
636 2287 719 2333 scripto,
739 2284 799 2321 tradi-

0 2358 2 2362 .
38 2336 91 2373 tione
109 2336 145 2373 alia
164 2337 279 2373 sanctissimi
296 2336 384 2385 Apostoli
402 2338 538 2385 reliquerunt.“
552 2358 579 2364 ——
601 2338 626 2376 S.
645 2337 799 2384 Hieronymus

0 2399 3 2417 1
38 2388 57 2423 in
72 2387 148 2436 dialogo
163 2388 205 2425 adv.
223 2388 354 2426 Luciferianos
369 2399 385 2424 c.
399 2389 420 2425 4.-
436 2390 472 2425 ait:
492 2389 597 2436 ,Quaeris,
616 2390 648 2426 uhi
666 2391 756 2437 scriptum
775 2388 800 2424 sit

0 2449 3 2484 g
37 2439 73 2483 (de
83 2440 167 2476 Sacram.
177 2439 353 2484 Confirmationis)?
366 2439 387 2476 ln
396 2440 475 2478 Actibus
486 2442 629 2489 Apostolorum.
643 2440 720 2478 Etiamsi
734 2439 800 2487 Scrip-

0 2514 2 2516 ι
40 2494 93 2527 turae
107 2491 210 2528 auctoritas
225 2503 263 2528 non
278 2492 376 2535 subesset,
395 2495 446 2528 totus
465 2493 517 2529 orbis
532 2494 551 2529 in
565 2492 613 2529 hanc
627 2497 699 2540 partem
713 2501 800 2528 consen-

0 2558 2 2589 ,
39 2553 71 2579 sus
86 2542 145 2578 instar
159 2544 257 2591 praecepti
271 2543 372 2589 obtineret.
392 2543 439 2581 llam
453 2548 473 2581 et
490 2544 546 2581 multa
561 2544 607 2588 alia,
627 2554 675 2590 quae
689 2542 725 2590 per
738 2543 799 2579 tradi-

0 2597 2 2628 ἲ
40 2595 109 2631 tionem
123 2593 143 2629 iu
157 2594 246 2632 ecelesiis
257 2595 388 2641 observantur,
403 2597 533 2633 auctoritatem
543 2596 579 2632 sibi
588 2596 671 2642 scriptae
681 2594 731 2645 legis
742 2607 800 2633 usur-

0 2656 4 2701 ᾗ
39 2646 125 2693 parunt.“
140 2644 203 2689 Quare
218 2651 237 2683 et
251 2647 276 2685 S.
289 2647 432 2697 Augustinus
445 2648 477 2685 lib.
491 2648 499 2684 Ι
513 2647 536 2684 de
549 2647 643 2695 baptismo
658 2659 675 2685 o.
689 2647 725 2687 23:
742 2648 800 2694 ,Sunt

0 2723 2 2743 3
39 2699 102 2748 multu,
117 2698 185 2748 iuquit,
200 2710 249 2749 quae
262 2701 351 2740 universa
365 2705 417 2740 tenet
431 2700 524 2748 ecclesia,
539 2704 558 2738 et
573 2700 597 2738 ob
611 2700 648 2739 hoo
663 2701 686 2740 ab
700 2700 798 2751 Apostolis
