1787 2921
742 111 784 150 iet

17 209 80 247 tibus
98 207 290 256 significationem
309 191 452 258 supponere,
471 207 494 244 et
512 207 542 243 ab
561 206 606 243 hac
623 204 717 243 nonnisi
734 207 784 245 tum

18 261 139 310 recedere,
152 260 175 302 si
189 262 226 302 vel
240 265 277 310 aa)
290 273 337 302 non
351 262 434 314 sponte
448 271 475 301 se
490 257 568 307 offert,
583 257 620 298 vel
635 258 669 306 bb)
683 257 744 297 hanc
758 257 785 297 ii-

18 319 95 355 lamve
109 318 198 368 partem
212 316 305 354 nonnisi
319 317 349 354 ad
363 318 471 354 ornatum
484 314 587 352 additam
597 324 658 359 esse,
673 314 736 350 certo
747 312 785 351 de·

19 366 241 416 monstrari-potest.
765 372 769 374 ·

73 417 157 456 Omnia
170 419 291 468 praeterea
304 417 345 456 illa
359 416 450 456 dicendi
464 427 557 466 genera.
571 415 593 454 si

74 471 95 512 2.
109 471 269 522 interpretatio
284 483 363 511 eorum
378 472 502 523 spectetur,
512 470 541 513 ,in
551 480 635 520 genere
645 465 739 509 easdem
749 477 785 506 se-

20 526 123 572 quuntur
140 526 247 571 regulas,
267 535 326 571 quas
345 525 452 572 superius
463 526 487 572 §.
502 524 538 562 82.
552 525 581 561 de
595 521 785 571 interpretatione

20 578 140 624 troporum
154 577 250 622 agentes
262 575 434 622 proposuimus.

74 626 256 678 Hiscepraemissis
268 627 307 676 jam
322 636 401 679 agemus

46 744 80 781 De
94 743 221 789 allegoriis,
236 716 349 790 symbolis
359 729 473 831 tetit-pipis,
487 742 607 790 parabolis
622 752 650 778 ac
663 741 758 786 fabulis,

345 806 356 831 e
383 805 415 841 qm
430 804 458 830 em

365 893 385 943 c.
401 890 439 932 er.

337 961 356 998 a)
367 958 473 989 Definiendis.

74 1033 96 1087 l.
109 1034 226 1088 Allegoria
241 1036 277 1077 est
290 1036 396 1084 veritatis
411 1035 535 1087 enjusdam
546 1034 731 1088 repraesentatio
745 1045 787 1085 per

22 1092 98 1130 solam
111 1091 236 1140 imaginem
251 1092 368 1141 cognitam
382 1093 457 1138 facta,
478 1092 523 1131 seri
539 1094 575 1131 est
589 1092 725 1130 continuata
739 1102 787 1129 me·

21 1143 129 1190 taphora,
143 1154 191 1189 qua
205 1144 307 1190 cogitata
321 1145 437 1191 loquentis
451 1146 569 1191 perplura
579 1144 665 1194 similia
680 1142 786 1188 ejusdem

22 1193 56 1230 rei
71 1192 178 1241 cognitae
192 1196 361 1242 proponuntur,
376 1195 432 1242 quiin
446 1196 524 1232 tamen
539 1195 619 1242 aperte
632 1193 667 1230 rei
680 1193 735 1230 huic
749 1203 787 1229 as-

21 1245 152 1287 similentur
166 1247 207 1287 aut
221 1258 273 1287 cum
287 1249 506 1299 earcomparentur,
524 1248 551 1287 uti
565 1245 586 1285 fit
599 1246 618 1285 in
633 1244 787 1285 similitudinibus

25 1313 47 1338 ac
63 1302 243 1349 comparationibus.
256 1302 279 1340 V.
294 1315 312 1351 g.
327 1303 397 1340 Ezech.
412 1303 444 1347 17,
458 1303 544 1341 22-24.
557 1303 647 1352 legimus:
664 1301 728 1350 ,Haec
743 1300 789 1338 dicit

20 1351 113 1388 Dominus
127 1352 190 1388 Deus:
203 1353 228 1388 Et
241 1364 332 1389 summam
347 1365 384 1401 ego
399 1355 423 1390 de
433 1354 515 1390 medulla
524 1354 576 1390 cedri
585 1354 671 1389 sublimis
681 1357 700 1388 et
710 1363 789 1399 ponam;

23 1401 46 1439 de
59 1403 132 1439 vertice
146 1413 242 1440 ramorum
252 1403 294 1451 ejus
305 1407 389 1441 tenerum
400 1405 517 1453 distringam,
533 1408 552 1440 et
562 1403 652 1450 plantabo
663 1413 722 1450 super
731 1413 789 1439 mon-

23 1459 61 1496 tem
75 1455 173 1495 excelsum
188 1461 207 1495 et
221 1458 341 1497 eminentem.
356 1457 376 1497 ln
391 1461 455 1498 merite
470 1455 544 1497 sublimi
558 1455 617 1497 lsrael
631 1454 720 1506 plantabo
735 1454 788 1502 illud,
808 1481 812 1484 -

23 1516 42 1547 et
56 1515 144 1557 erumpet
157 1512 177 1548 in
191 1523 277 1559 germen,
292 1517 311 1549 et
325 1512 383 1549 faciet
397 1514 484 1558 fructum,
500 1516 519 1548 et
533 1513 569 1549 erit
578 1513 596 1548 in
606 1511 685 1548 cedrum
693 1522 788 1560 magnam,

24 1565 43 1596 et
61 1561 172 1597 habitabunt
192 1564 237 1598 sub'
250 1574 272 1598 ea
291 1573 358 1599 omnes
377 1565 467 1599 volucres
486 1567 506 1598 et
523 1564 632 1598 universum
654 1562 732 1597 volatile
753 1562 788 1597 suh

22 1611 88 1649 umbra
106 1611 201 1649 frondium
220 1613 262 1663 eJ'us
281 1612 392 1650 nidificabit.
419 1613 443 1650 Et
460 1613 523 1650 scient
542 1613 604 1650 omnia
622 1612 674 1662 ligna
694 1613 788 1661 regionis,

24 1667 67 1717 quia
82 1678 119 1719 ego
132 1665 225 1707 Dominus
239 1667 336 1708 humiliavi
349 1667 420 1720 lignum
436 1668 522 1717 sublime,
537 1671 556 1707 et
570 1665 652 1706 exaltavi
665 1665 737 1718 lignum
751 1665 790 1705 hu-

23 1721 73 1766 mile,
89 1725 108 1757 et
121 1721 193 1757 siccavi
206 1722 279 1770 lignum
293 1723 361 1768 viride,
376 1727 396 1758 et
409 1723 500 1759 frondere
514 1722 553 1758 feci
566 1722 638 1770 lignum
653 1721 732 1758 aridum.
746 1721 789 1770 Ego

22 1770 114 1806 Dominus
128 1771 204 1806 locutus
219 1783 261 1808 snm
275 1773 295 1808 et
308 1773 346 1808 feci
361 1773 451 1816 (facie).“
467 1793 492 1799 -
512 1773 549 1808 Sub
563 1772 600 1808 hac
614 1774 698 1819 imagine
713 1772 790 1808 descri-

23 1819 74 1859 bitur
88 1820 161 1860 luturus
176 1821 257 1861 Messias
271 1823 352 1874 ejusque
366 1834 454 1875 regnum,
468 1823 494 1860 ita
508 1826 529 1859 ut
543 1832 577 1871 per
592 1821 669 1860 cedrum
683 1822 790 1866 sublimem,

24 1887 35 1915 e
50 1876 104 1926 cujus
118 1876 200 1915 medulla
214 1878 307 1928 particula
322 1883 383 1918 sumta
398 1882 438 1927 est,
458 1878 515 1928 stirps
534 1876 636 1924 davidicam
650 1888 684 1929 per
703 1880 790 1917 tenerum

24 1928 111 1966 frondem
126 1930 150 1966 de
164 1932 237 1977 vertice
251 1943 347 1969 ramorum
362 1933 404 1979 ejus
418 1933 536 1979 decerptum,
550 1933 570 1968 in
583 1935 647 1968 monte
661 1932 790 1969 Israelisex-

25 1980 78 2015 celso
92 1981 202 2026 plantatum,
221 1983 243 2027 in
258 1992 338 2028 germen
357 1987 499 2029 erumpentem,
519 1983 592 2017 fructus
611 1982 713 2017 facientem
732 1986 752 2016 et
770 1983 790 2017 in

25 2029 104 2072 cedrum
118 2042 205 2083 magnam
219 2036 362 2072 accrescentem
377 2032 419 2082 ipse
432 2032 514 2070 blessias
529 2042 566 2069 ceu
579 2031 642 2068 infans
650 2035 707 2076 ¹tener
716 2042 742 2068 ex
750 2031 790 2069 Da·
857 2048 861 2053 Δ

25 2085 75 2124 vidis
89 2088 174 2136 posteris
189 2088 287 2137 oriundus,
302 2087 378 2139 publice
392 2086 535 2127 interludaeos
545 2084 680 2139 progrediens,
696 2090 715 2126 et
724 2098 735 2125 a
745 2098 791 2136 par-

24 2140 54 2175 vis
72 2140 131 2176 initiis
149 2152 230 2188 regnum
250 2153 305 2179 suum
323 2142 432 2179 universale
450 2142 541 2186 fundans,
561 2152 595 2187 per
614 2152 681 2178 omnes
699 2142 789 2178 uolucres

25 2189 61 2224 sub
76 2191 134 2225 cedro
148 2189 266 2235 habitantes,
285 2197 353 2238 etper
366 2193 451 2228 volatilia
469 2193 503 2227 sub
518 2192 617 2227 frondibus
633 2193 674 2238 ejus
689 2192 791 2227 nidifican-

25 2238 51 2277 tia
65 2243 144 2278 cunctae
159 2244 227 2292 gentes
242 2246 315 2290 terrae3
330 2247 350 2282 et
364 2242 445 2293 denique
455 2253 490 2293 per
498 2242 550 2294 ligna
559 2241 645 2293 regionis
656 2252 723 2280 omnes
731 2252 790 2293 reges

25 2292 81 2349 hujus
95 2296 181 2335 universi
194 2296 336 2348 intelligantur,
351 2299 383 2349 qui
398 2298 493 2350 cognituri
507 2298 559 2346 sint,
570 2308 580 2336 a
593 2296 635 2336 Deo
649 2308 708 2349 reges
724 2301 743 2336 et
756 2309 791 2336 re·

26 2351 168 2396 guummundi,
184 2352 235 2397 quod
249 2353 301 2398 prius
316 2353 397 2389 sublime
411 2358 434 2388 a‘c
447 2357 517 2398 potens
532 2351 653 2398 credebatur,
669 2363 713 2388 esse
728 2352 803 2387 humi-'

25 2397 90 2434 liatum
105 2410 128 2434 ac
143 2401 260 2447 subjectum,
278 2402 367 2437 blessiam
386 2414 433 2438 vero
453 2404 533 2448 ejusque
551 2414 645 2450 regnum,
665 2403 716 2447 quod
735 2407 805 2437 antea,

26 2447 97 2489 humile
115 2453 135 2489 et
151 2451 224 2504 uigoris
242 2464 312 2503 expers
331 2451 443 2502 habebatur,
458 2452 561 2491 exaltatum
576 2457 595 2490 et
609 2452 633 2489 ad
647 2462 738 2490 summam
752 2462 794 2501 po-

28 2505 106 2545 tentiam
121 2511 208 2546 evectum
223 2520 274 2548 esse.
290 2508 327 2547 Cfr.
341 2507 373 2547 bb.
389 2506 420 2557 13,
434 2507 466 2548 32.
480 2508 549 2548 Psalm.
563 2507 595 2554 80,
610 2506 683 2546 e—il.
697 2505 745 2545 haec
760 2508 792 2546 le—

27 2563 111 2606 guntur:
127 2560 217 2604 „Vineam
236 2562 260 2598 de
279 2562 368 2610 Aegypto
382 2563 506 2608 transtulisti,
525 2563 600 2609 ejecisti
618 2566 687 2609 gentes
701 2565 721 2598 et
733 2563 792 2608 plan-

26 2611 71 2645 tasti
86 2620 134 2645 eam.
151 2611 194 2645 Dux
207 2612 281 2648 itineris
296 2613 348 2648 fuisti
361 2614 380 2647 in
395 2617 501 2657 conspeetu
516 2614 564 2658 eJ'us,
579 2612 668 2658 plantasti
681 2613 758 2648 radices
773 2617 792 2648 et

26 2659 112 2711 implevit
125 2664 201 2716 terram
216 2662 296 2714 Operuit
309 2668 383 2703 montes
397 2663 463 2702 umbra
477 2652 525 2714 eju‘s,
541 2666 560 2700 et
573 2662 651 2700 arbusta
665 2662 707 2712 ejus
722 2662 792 2701 cedros

26 2715 69 2755 Dei.
89 2716 180 2762 Extendit
198 2719 285 2769 palmites
297 2731 350 2759 vsuos
369 2732 430 2770 usque
449 2718 472 2759 ad
491 2730 555 2766 mare,
574 2722 593 2757 et
607 2729 669 2769 usque
683 2718 707 2759 ud
721 2718 792 2759 flumen
