1787 2921
715 123 733 150 4
776 97 820 135 tsi

54 197 176 248 Splrltus.
190 197 214 237 15
228 198 255 238 V.
269 198 295 238 ’1’.
309 201 402 248 praeter
416 208 510 237 seusmn
526 193 818 235 1555551515151555151155

53 262 153 300 quoque,
168 250 183 289 i.
197 262 216 290 e.
231 252 384 301 symbolicum
398 253 435 291 vel
449 251 552 300 typicum
563 259 616 287 esse
626 250 764 297 spectatum,
779 246 818 295 qui

53 304 105 354 ip'se
119 315 174 353 ergo
189 315 236 343 nou
250 307 286 343 est
299 305 478 354 mysticus-sed
492 302 611 349 litteralis3
626 303 702 348 55111]
718 311 764 339 555
778 301 819 338 ha-

54 357 155 404 buerunt
168 357 257 396 citandi
269 368 313 396 seu
326 357 455 407 allegandi,
470 357 518 396 sed
527 354 659 406 applicandi
674 356 714 392 aut
728 363 820 391 555551-

53 409 163 448 modandi
175 409 313 458 consilium,
333 421 378 459 quo
393 410 417 449 in
431 421 489 449 casu
504 411 558 454 (cett.
573 413 592 454 §.
607 407 640 445 et.
656 407 673 444 1.
688 406 819 453 [1151151555-

53 461 90 501 bis
104 461 202 501 'alterius
216 462 250 500 uti
268 463 322 500 lieet
340 463 371 501 ad
388 474 456 501 suum
475 473 571 501 sensum
589 459 770 510 exprimendum.
791 457 820 494 Ut

54 515 133 563 itaque
152 514 350 564 interpretationis
370 516 483 564 mysticae
501 514 640 553 necessitas
652 510 819 562 provocatione

53 567 84 606 ad
102 569 231 616 exemplum
249 567 274 605 N.
289 568 314 605 Τ.
332 570 453 606 auctorum
473 569 621 616 probaretur,
640 566 706 616 prius
726 565 819 609 1155155-

53 621 177 659 strandum
192 620 260 666 i'oret,
275 619 353 666 hosce,
369 621 552 668 quotiescunque
564 620 592 657 V.
602 619 626 657 F.
635 620 688 657 loca
702 617 819 668 adferunt,

53 674 91 711 vel
104 674 196 722 semper
210 671 332 710 consilium
342 672 429 710 citandi
441 673 560 718 habuisse,
573 672 611 709 vel
619 682 680 711 ,vero
694 670 726 708 ibi
741 669 819 715 etiam,

55 725 100 763 ubi
110 724 226 773 allegandi
241 724 364 763 eonsilium
378 735 460 763 revera
475 725 613 772 babuerunt,
628 720 699 761 alium
713 722 772 760 locis
782 721 819 760 his

54 776 186 824 subjecisse
200 787 303 824 sensum,
318 789 347 815 ao
361 788 441 825 quem,
456 777 537 815 51555
552 777 679 822 humanus,
694 777 772 812 taineu
787 774 819 811 di·

53 830 122 868 51555
142 829 260 878 (primarius)
280 832 362 868 auctor
381 832 444 868 certo
463 830 589 878 spectavit3
608 828 673 876 atqui
691 837 759 865 nemo
778 827 820 864 hu·

55 886 143 931 easque
158 882 295 920 alterutrum
310 883 491 921 demonstrando
505 893 549 931 par
563 882 620 919 erat.

107 935 142 972 Ad
159 936 181 979 b)
196 936 221 976 ,et
235 937 256 979 c)
276 934 354 973 Verba
372 937 421 972 tam
439 934 515 972 lsaiae
535 933 572 980 53,
590 934 624 980 1.,
644 943 714 980 quam
733 930 820 969 otirtstt

54 986 138 1024 Joann.
154 986 190 1033 lt,
206 986 241 1024 te.
259 986 318 1036 adeo
332 988 485 1036 latepateut,
499 989 525 1024 ut
538 987 585 1024 illis
600 985 733 1024 onmimoda
747 984 820 1021 homi-

53 1049 109 1077 nurn
123 1038 257 1085 infirmitas,
278 1039 342 1077 hisce
361 1040 426 1077 salus
441 1039 614 1087 discipulorum
626 1040 675 1075 tum
690 1035 819 1086 spiritualis

40 1089 103 1129 'tum
118 1091 248 1140 corporalis
263 1091 484 1140 comprehendatur3
503 1090 587 1139 quodsi
604 1090 683 1138 itaque
697 1101 730 1127 ss.
746 1088 818 1136 scrip-

54 1145 118 1181 tores
129 1142 181 1190 jam
198 1143 270 1189 hane,
287 1142 421 1190 jamrillam
440 1155 525 1181 sensus
544 1145 590 1181 late
608 1142 709 1192 patentis
728 1142 819 1190 partem

54 1195 192 1244 respiciunt,
210 1194 290 1234 verbis
307 1207 354 1234 uon
372 1197 442 1234 talem
461 1194 590 1242 subjiciunt
608 1206 715 1241 sensum,
735 1192 774 1242 qui
788 1194 818 1230 ab

55 1246 89 1285 eis
104 1259 116 1285 e
131 1249 239 1286 contextu
253 1249 276 1285 et
289 1248 409 1286 ordinaria
423 1249 504 1286 sua-*vi
518 1248 630 1297 spectatis
645 1248 709 1285 esset
721 1246 818 1283 alienus.

54 1321 79 1327 -
94 1300 162 1349 Quod
176 1300 258 1338 attinet
271 1300 355 1338 Joauu.
371 1300 407 1347 11,
422 1301 458 1339 511.
473 1301 521 1348 51,
541 1300 666 1349 Apostolus
685 1299 762 1336 dicere
779 1308 819 1335 vo-

54 1352 109 1398 tutt,
127 1351 175 1390 Deo
190 1352 225 1390 sic
239 1352 374 1391 moderante
388 1354 476 1391 laetum
491 1363 556 1399 esse,
575 1354 601 1390 ut
618 1362 723 1390 summus
741 1361 819 1388 saeer-

45 1404 109 1454 dos,
128 1404 168 1452 qui
186 1403 357 1451 antiquioribus
376 1406 519 1454 temporibus
539 1416 582 1453 ope
596 1404 659 1442 Urim
675 1406 697 1441 et
711 1403 818 1440 'l'lrumim

53 1456 181 1494 voluntatis
196 1456 288 1495 divinae
302 1460 353 1494 erat
367 1456 493 1504 interpres,
512 1457 582 1495 etiam
597 1457 642 1494 hoc
656 1457 680 1494 in
694 1465 752 1493 5555
766 1465 819 1502 gra-

53 1508 152 1546 vissimo
166 1507 282 1555 ejusmodi
296 1509 417 1547 adhiberet
434 1510 519 1556 verba,
538 1520 598 1557 quae
617 1511 680 1546 certo
699 1507 819 1545 5555515-

53 1560 147 1598 tellecta
164 1561 309 1610 prophetiam
329 1561 356 1599 de
376 1561 497 1600 effectibus
515 1561 598 1600 mortis
617 1560 703 1598 01151511
718 1559 820 1597 5551155-
868 1603 871 1605 ‚

54 1615 106 1650 rent
114 1611 137 1662 ¹).
165 1612 254 1661 Quodsi
273 1614 494 1662 auteiit.Apostolus
512 1616 576 1652 recte
594 1613 679 1657 tenuit,
698 1612 746 1650 beo
765 1612 834 1649 diri-¹·

54 1666 122 1713 gente
137 1676 152 1702 a
165 1675 257 1702 summo
272 1666 394 1703 sacerdote
407 1667 465 1704 talia
480 1666 584 1704 adhibita
598 1676 651 1704 esse
664 1666 745 1711 verba,
760 1675 820 1712 quae

54 1718 118 1755 certo
132 1727 205 1755 sensu
219 1719 315 1766 accepta
329 1718 451 1766 veritatem
463 1718 616 1756 christianam
626 1717 753 1755 edicerent:
768 1727 820 1754 sen·

54 1780 96 1807 sus
111 1769 149 1807 ille
163 1768 242 1807 verbis
257 1768 358 1818 Gaipbae
372 1781 387 1808 a
401 1781 421 1808 s.
435 1770 525 1809 ι155555
539 1770 661 1818 subjectus
676 1771 712 1808 est
726 1779 819 1814 sensus,

53 1832 121 1870 quem
135 1821 197 1859 Deus
212 1832 254 1870 per
268 1822 400 1871 pontificem
414 1823 512 1871 loquens
530 1822 656 1872 spectavit,
675 1832 731 1870 ergo
744 1821 818 1858 relate

53 1873 84 1911 ad
97 1873 170 1911 ileum
184 1884 231 1911 non
245 1874 366 1921 mysticus,
380 1875 422 1912 sed
436 1875 551 1913 litteralis.
574 1919 577 1926 ff

105 1926 272 1973 Argumentum
286 1926 307 1964 d.
329 1927 362 1964 SS.
377 1927 443 1964 Patres
462 1939 500 1964 non
515 1927 572 1965 modo
591 1927 667 1975 singula
681 1927 725 1963 loca
740 1926 820 1973 mystice

53 1978 173 2026 interpretati
187 1982 237 2025 5551,
253 1979 287 2016 sed
302 1980 358 2015 etiam
372 1980 431 2016 veluti
445 1980 541 2016 ordinarie
556 1980 648 2027 mysticos
663 1989 733 2015 sensus
742 1981 821 2015 sectan-

53 2030 89 2067 dos
104 2041 148 2068 esse
163 2029 268 2077 declarant,
283 2032 310 2068 uti
324 2030 381 2068 docet
395 2043 410 2069 5.
419 2031 538 2081 Augustinus
550 2031 634 2069 confess.
644 2031 676 2067 lib.
687 2029 726 2068 XII.
736 2041 753 2066 5.
763 2028 820 2074 3111)

53 2144 244 2151 ————

73 2217 90 2254 1)
103 2213 135 2262 im·
146 2214 199 2245 Exodi
210 2214 237 2255 28,
248 2215 274 2246 30.
291 2216 374 2257 1155527,
387 2218 411 2249 te.
424 2227 470 2259 seqq.
489 2218 589 2258 Deuterpt.
602 2218 650 2249 1151.
666 2218 718 2248 Etiam
733 2217 820 2247 daemones

46 2269 48 2271 ·
104 2257 168 2287 veritati
182 2257 290 2288 testimonium
306 2259 399 2290 exhibuisse
414 2259 490 2300 leguntur
503 2260 549 2290 1511.
562 2260 589 2299 T.,
603 2270 619 2290 r.
632 2270 647 2300 g.
661 2260 697 2290 Act.
713 2259 739 2297 16,
755 2259 779 2290 16.
796 2258 821 2289 tr.

78 2318 80 2321 -
105 2298 150 2330 Philo
167 2297 187 2329 de
202 2304 251 2329 creat.
266 2300 316 2339 princ.
332 2301 379 2332 dicit:
393 2300 413 2333 ‘O
425 2302 469 2344 apos
480 2299 565 2341 (thiemo
578 2300 632 2340 ἱερεύς
643 2299 744 2334 511195ςῖ511
755 2299 821 2341 agroeti-

58 2357 64 2373 .·
83 2352 85 2355 ⁴
104 2350 140 2379 της,
153 2337 173 2370 ot't
185 2341 228 2376 γένει
239 2340 325 2381 [15115νῆ
336 2340 391 2385 ἀρετῇ
402 2343 527 2384 παρεληλυθώς
535 2342 602 2384 interpr
614 2346 646 2374 τοῦ
659 2342 821 2383 ὄντος-θεραπείαν,

48 2401 51 2405 ,
68 2383 90 2423 2]
102 2382 187 2422 „Eundem
198 2382 274 2413 famulum
285 2388 328 2414 tumn
341 2384 434 2425 (Moysen),
451 2386 540 2425 scripturae
550 2385 598 2424 hujus
611 2386 747 2426 dispensatorem,
762 2383 821 2423 Spiritu

105 2430 133 2455 tuo
147 2425 221 2464 plenum,
235 2426 256 2468 ita
269 2425 376 2464 honoremus,
392 2433 409 2458 nt
421 2428 452 2458 hoc
464 2438 509 2466 eum,
526 2438 561 2458 rum
573 2429 605 2458 hoo
617 2434 633 2459 te
644 2428 726 2458 revelante
738 2426 822 2464 scriberet,

84 2483 87 2485 ·
106 2466 200 2497 adtendisse
212 2467 305 2507 credamus,
322 2469 365 2509 quod
379 2471 395 2499 15
411 2471 433 2500 515
448 2471 516 2500 maxime
528 2470 565 2501 1555
580 2472 651 2501 veritatis
666 2475 682 2499 et
694 2469 740 2509 fruge
752 2468 823 2499 utilitatis

106 2508 177 2540 excellit.
194 2508 217 2540 lta
229 2520 265 2541 cnm
277 2510 316 2541 51155
329 2511 393 2542 dixerit:
410 2511 445 2542 Hoc
457 2514 515 2550 555111,
528 2513 571 2553 quod
583 2516 623 2553 ego,
640 2517 657 2542 51
667 2511 716 2542 alius.-
732 2511 766 2541 lmo
778 2511 823 2549 illud,

106 2551 151 2592 quod
163 2560 201 2592 ego,
212 2552 305 2594 religiosius
317 2563 342 2584 me
349 2553 418 2585 arbitror
424 2554 490 2586 dicere:
502 2554 534 2585 Gur
540 2564 572 2586 non
578 2562 662 2595 utrumque
672 2555 730 2595 potins,
743 2554 824 2584 5155551-

107 2603 138 2634 que
150 2602 206 2624 verum
218 2600 252 2634 est,
268 2597 308 2626 etsi
320 2597 440 2637 quidtertium,
457 2603 472 2628 et
484 2598 499 2627 si
510 2598 548 2638 quid
559 2602 641 2638 quartum,
658 2602 674 2627 51
685 2598 698 2627 si
710 2596 747 2636 quid
760 2597 824 2626 omnino

107 2635 152 2667 eliud
163 2645 217 2667 verum
230 2639 308 2678 quispiam
320 2639 335 2669 in
347 2639 372 2669 his
383 2639 437 2670 verbis
449 2639 502 2678 videt,
520 2650 549 2671 cnr
559 2649 591 2670 non
608 2639 633 2670 1115
646 2641 698 2670 onmia
714 2638 824 2669 51155115-

109 2679 160 2723 datur,
172 2688 201 2718 per
213 2689 260 2720 quein
271 2691 312 2712 5555
320 2679 368 2712 ‘oeus
380 2692 434 2714 sacras
447 2682 507 2713 litteras
519 2691 558 2713 vern
570 2687 586 2712 et
598 2682 659 2713 diversa
672 2683 728 2713 visuris
740 2681 824 2712 muliorum

109 2721 182 2752 sensibus
194 2722 310 2763 tenipemvit?“
