<?xml version="1.0" encoding="UTF-8"?>
<!DOCTYPE html PUBLIC "-//W3C//DTD XHTML 1.0 Transitional//EN"
    "http://www.w3.org/TR/xhtml1/DTD/xhtml1-transitional.dtd">
<html xmlns="http://www.w3.org/1999/xhtml" xml:lang="en" lang="en">
 <head>
  <title>
</title>
<meta http-equiv="Content-Type" content="text/html;charset=utf-8" />
  <meta name='ocr-system' content='tesseract 3.04.00' />
  <meta name='ocr-capabilities' content='ocr_page ocr_carea ocr_par ocr_line ocrx_word'/>
</head>
<body>
  <div class='ocr_page' id='page_1' title='image "./MN41624ucmf_7_0159.png"; bbox 0 0 1787 2921; ppageno 0'>
   <div class='ocr_carea' id='block_1_1' title="bbox 765 101 808 140">
    <p class='ocr_par' dir='ltr' id='par_1_1' title="bbox 765 101 808 140">
     <span class='ocr_line' id='line_1_1' title="bbox 765 101 808 140; baseline 0 0"><span class='ocrx_word' id='word_1_1' title='bbox 765 101 808 140; x_wconf 72' lang='lat'>125</span> 
     </span>
    </p>
   </div>
   <div class='ocr_carea' id='block_1_2' title="bbox 46 194 809 305">
    <p class='ocr_par' dir='ltr' id='par_1_2' title="bbox 46 194 809 305">
     <span class='ocr_line' id='line_1_2' title="bbox 46 194 809 248; baseline 0 -11"><span class='ocrx_word' id='word_1_2' title='bbox 46 198 78 237; x_wconf 82' lang='lat' dir='ltr'>bc</span> <span class='ocrx_word' id='word_1_3' title='bbox 92 194 207 244; x_wconf 83' lang='lat' dir='ltr'>lontibus,</span> <span class='ocrx_word' id='word_1_4' title='bbox 226 195 480 246; x_wconf 80' lang='lat' dir='ltr'>equibushauricnrla</span> <span class='ocrx_word' id='word_1_5' title='bbox 495 196 530 235; x_wconf 88' lang='lat' dir='ltr'>cst</span> <span class='ocrx_word' id='word_1_6' title='bbox 545 195 683 236; x_wconf 82' lang='lat' dir='ltr'>conditionis</span> <span class='ocrx_word' id='word_1_7' title='bbox 697 208 809 248; x_wconf 86' lang='lat' dir='ltr'>persona-</span> 
     </span>
     <span class='ocr_line' id='line_1_3' title="bbox 185 248 622 305; baseline -0.005 -17"><span class='ocrx_word' id='word_1_8' title='bbox 185 295 189 305; x_wconf 73' lang='lat'><em>.</em></span> <span class='ocrx_word' id='word_1_9' title='bbox 234 260 286 289; x_wconf 90' lang='lat' dir='ltr'>rum</span> <span class='ocrx_word' id='word_1_10' title='bbox 301 251 385 290; x_wconf 88' lang='lat' dir='ltr'>aetatis</span> <span class='ocrx_word' id='word_1_11' title='bbox 399 250 499 289; x_wconf 83' lang='lat' dir='ltr'>biblicae</span> <span class='ocrx_word' id='word_1_12' title='bbox 514 248 622 297; x_wconf 79' lang='lat' dir='ltr'><strong>cognitio.</strong></span> 
     </span>
    </p>
   </div>
   <div class='ocr_carea' id='block_1_3' title="bbox 351 330 460 406">
    <p class='ocr_par' dir='ltr' id='par_1_3' title="bbox 351 330 460 406">
     <span class='ocr_line' id='line_1_4' title="bbox 351 330 460 406; baseline 0 -12"><span class='ocrx_word' id='word_1_13' title='bbox 351 348 356 353; x_wconf 72' lang='grc'><em>’</em></span> <span class='ocrx_word' id='word_1_14' title='bbox 389 357 408 406; x_wconf 68' lang='grc' dir='ltr'>ι.</span> <span class='ocrx_word' id='word_1_15' title='bbox 423 330 460 394; x_wconf 69' lang='grc' dir='ltr'>ιι.</span> 
     </span>
    </p>
   </div>
   <div class='ocr_carea' id='block_1_4' title="bbox 346 423 461 455">
    <p class='ocr_par' dir='ltr' id='par_1_4' title="bbox 346 423 461 455">
     <span class='ocr_line' id='line_1_5' title="bbox 346 423 461 455; baseline 0.017 -2"><span class='ocrx_word' id='word_1_16' title='bbox 346 425 348 433; x_wconf 79' lang='lat'><em>&#39;</em></span> <span class='ocrx_word' id='word_1_17' title='bbox 393 423 461 455; x_wconf 83' lang='lat' dir='ltr'>Divisio.</span> 
     </span>
    </p>
   </div>
   <div class='ocr_carea' id='block_1_5' title="bbox 34 493 809 857">
    <p class='ocr_par' dir='ltr' id='par_1_5' title="bbox 34 493 809 857">
     <span class='ocr_line' id='line_1_6' title="bbox 97 493 808 546; baseline 0.003 -16"><span class='ocrx_word' id='word_1_18' title='bbox 97 493 256 543; x_wconf 87' lang='lat' dir='ltr'>Hermencuticae</span> <span class='ocrx_word' id='word_1_19' title='bbox 274 506 313 532; x_wconf 90' lang='lat' dir='ltr'>non</span> <span class='ocrx_word' id='word_1_20' title='bbox 331 501 371 542; x_wconf 87' lang='lat' dir='ltr'>est,</span> <span class='ocrx_word' id='word_1_21' title='bbox 391 508 515 546; x_wconf 89' lang='lat' dir='ltr'>personarum</span> <span class='ocrx_word' id='word_1_22' title='bbox 534 497 656 544; x_wconf 84' lang='lat' dir='ltr'>bibliearnm</span> <span class='ocrx_word' id='word_1_23' title='bbox 675 497 688 533; x_wconf 92' lang='lat' dir='ltr'>i.</span> <span class='ocrx_word' id='word_1_24' title='bbox 703 507 721 533; x_wconf 85' lang='lat' dir='ltr'>e</span> <span class='ocrx_word' id='word_1_25' title='bbox 736 507 808 542; x_wconf 83' lang='lat' dir='ltr'>earum,</span> 
     </span>
     <span class='ocr_line' id='line_1_7' title="bbox 45 546 809 597; baseline 0.004 -15"><span class='ocrx_word' id='word_1_26' title='bbox 45 556 94 593; x_wconf 85' lang='lat' dir='ltr'>quae</span> <span class='ocrx_word' id='word_1_27' title='bbox 107 546 131 581; x_wconf 88' lang='lat' dir='ltr'>in</span> <span class='ocrx_word' id='word_1_28' title='bbox 142 557 168 583; x_wconf 95' lang='lat' dir='ltr'>ss.</span> <span class='ocrx_word' id='word_1_29' title='bbox 182 547 250 583; x_wconf 85' lang='lat' dir='ltr'>litteris</span> <span class='ocrx_word' id='word_1_30' title='bbox 264 546 366 595; x_wconf 88' lang='lat' dir='ltr'>loquentes</span> <span class='ocrx_word' id='word_1_31' title='bbox 380 553 485 597; x_wconf 83' lang='lat' dir='ltr'>agentesve</span> <span class='ocrx_word' id='word_1_32' title='bbox 499 551 602 595; x_wconf 86' lang='lat' dir='ltr'>sistuntur,</span> <span class='ocrx_word' id='word_1_33' title='bbox 617 553 649 585; x_wconf 87' lang='lat' dir='ltr'>aut</span> <span class='ocrx_word' id='word_1_34' title='bbox 663 559 722 596; x_wconf 88' lang='lat' dir='ltr'>quae,</span> <span class='ocrx_word' id='word_1_35' title='bbox 737 551 758 585; x_wconf 88' lang='lat' dir='ltr'>ut</span> <span class='ocrx_word' id='word_1_36' title='bbox 772 548 809 585; x_wconf 90' lang='lat' dir='ltr'>aii-</span> 
     </span>
     <span class='ocr_line' id='line_1_8' title="bbox 46 577 807 648; baseline 0.004 -15"><span class='ocrx_word' id='word_1_37' title='bbox 46 596 89 645; x_wconf 94' lang='lat' dir='ltr'>quid</span> <span class='ocrx_word' id='word_1_38' title='bbox 104 597 201 634; x_wconf 88' lang='lat' dir='ltr'>diceretur</span> <span class='ocrx_word' id='word_1_39' title='bbox 215 602 247 634; x_wconf 87' lang='lat' dir='ltr'>aut</span> <span class='ocrx_word' id='word_1_40' title='bbox 260 603 360 647; x_wconf 77' lang='lat' dir='ltr'>ageretur,</span> <span class='ocrx_word' id='word_1_41' title='bbox 380 601 501 637; x_wconf 79' lang='lat' dir='ltr'>occasionem</span> <span class='ocrx_word' id='word_1_42' title='bbox 520 577 659 648; x_wconf 35' lang='lat' dir='ltr'>praebudrffunt</span> <span class='ocrx_word' id='word_1_43' title='bbox 679 600 807 637; x_wconf 90' lang='lat' dir='ltr'>conditionem</span> 
     </span>
     <span class='ocr_line' id='line_1_9' title="bbox 45 650 807 699; baseline 0.003 -12"><span class='ocrx_word' id='word_1_44' title='bbox 45 650 137 687; x_wconf 89' lang='lat' dir='ltr'>internam</span> <span class='ocrx_word' id='word_1_45' title='bbox 152 650 273 696; x_wconf 79' lang='lat' dir='ltr'>describere3</span> <span class='ocrx_word' id='word_1_46' title='bbox 292 655 374 688; x_wconf 78' lang='lat' dir='ltr'>attamen</span> <span class='ocrx_word' id='word_1_47' title='bbox 391 651 468 689; x_wconf 89' lang='lat' dir='ltr'>fontes</span> <span class='ocrx_word' id='word_1_48' title='bbox 482 652 577 689; x_wconf 86' lang='lat' dir='ltr'>indicandi</span> <span class='ocrx_word' id='word_1_49' title='bbox 591 657 645 698; x_wconf 87' lang='lat' dir='ltr'>sunt,</span> <span class='ocrx_word' id='word_1_50' title='bbox 664 663 675 688; x_wconf 87' lang='lat' dir='ltr'>e</span> <span class='ocrx_word' id='word_1_51' title='bbox 687 652 758 699; x_wconf 90' lang='lat' dir='ltr'>quibus</span> <span class='ocrx_word' id='word_1_52' title='bbox 773 663 807 689; x_wconf 91' lang='lat' dir='ltr'>co-</span> 
     </span>
     <span class='ocr_line' id='line_1_10' title="bbox 45 680 807 753; baseline 0.005 -15"><span class='ocrx_word' id='word_1_53' title='bbox 45 702 109 751; x_wconf 77' lang='lat' dir='ltr'>gnitio·</span> <span class='ocrx_word' id='word_1_54' title='bbox 120 702 168 740; x_wconf 88' lang='lat' dir='ltr'>haec</span> <span class='ocrx_word' id='word_1_55' title='bbox 182 703 328 749; x_wconf 85' lang='lat' dir='ltr'>trauriatur,ct</span> <span class='ocrx_word' id='word_1_56' title='bbox 308 704 373 751; x_wconf 87' lang='lat' dir='ltr'>equi</span> <span class='ocrx_word' id='word_1_57' title='bbox 386 715 429 752; x_wconf 87' lang='lat' dir='ltr'>pro</span> <span class='ocrx_word' id='word_1_58' title='bbox 442 706 465 741; x_wconf 87' lang='lat' dir='ltr'>tr</span> <span class='ocrx_word' id='word_1_59' title='bbox 466 704 527 753; x_wconf 86' lang='lat' dir='ltr'>rphcr</span> <span class='ocrx_word' id='word_1_60' title='bbox 546 704 624 753; x_wconf 86' lang='lat' dir='ltr'>specie</span> <span class='ocrx_word' id='word_1_61' title='bbox 640 680 759 742; x_wconf 80' lang='lat' dir='ltr'>’nominum</span> <span class='ocrx_word' id='word_1_62' title='bbox 774 704 807 742; x_wconf 93' lang='lat' dir='ltr'>bi-</span> 
     </span>
     <span class='ocr_line' id='line_1_11' title="bbox 34 754 808 806; baseline 0.003 -14"><span class='ocrx_word' id='word_1_63' title='bbox 34 754 158 793; x_wconf 76' lang='lat' dir='ltr'>micorum</span> <span class='ocrx_word' id='word_1_64' title='bbox 178 756 297 794; x_wconf 89' lang='lat' dir='ltr'>commode</span> <span class='ocrx_word' id='word_1_65' title='bbox 315 755 339 794; x_wconf 94' lang='lat' dir='ltr'>in</span> <span class='ocrx_word' id='word_1_66' title='bbox 355 758 404 794; x_wconf 88' lang='lat' dir='ltr'>tres</span> <span class='ocrx_word' id='word_1_67' title='bbox 423 756 513 795; x_wconf 87' lang='lat' dir='ltr'>classes</span> <span class='ocrx_word' id='word_1_68' title='bbox 528 756 598 806; x_wconf 82' lang='lat' dir='ltr'>dividi</span> <span class='ocrx_word' id='word_1_69' title='bbox 613 758 723 806; x_wconf 85' lang='lat' dir='ltr'>possunt,</span> <span class='ocrx_word' id='word_1_70' title='bbox 742 756 808 794; x_wconf 92' lang='lat' dir='ltr'>nimi-</span> 
     </span>
     <span class='ocr_line' id='line_1_12' title="bbox 45 806 584 857; baseline 0.002 -11"><span class='ocrx_word' id='word_1_71' title='bbox 45 817 97 846; x_wconf 89' lang='lat' dir='ltr'>rum</span> <span class='ocrx_word' id='word_1_72' title='bbox 111 806 135 852; x_wconf 88' lang='lat' dir='ltr'>in</span> <span class='ocrx_word' id='word_1_73' title='bbox 149 807 299 857; x_wconf 85' lang='lat' dir='ltr'>christianos,</span> <span class='ocrx_word' id='word_1_74' title='bbox 310 807 421 856; x_wconf 89' lang='lat' dir='ltr'>judaicos</span> <span class='ocrx_word' id='word_1_75' title='bbox 436 811 458 849; x_wconf 92' lang='lat' dir='ltr'>et</span> <span class='ocrx_word' id='word_1_76' title='bbox 472 809 584 848; x_wconf 87' lang='lat' dir='ltr'>ethnicos.</span> 
     </span>
    </p>
   </div>
   <div class='ocr_carea' id='block_1_6' title="bbox 389 922 463 975">
    <p class='ocr_par' dir='ltr' id='par_1_6' title="bbox 389 922 463 975">
     <span class='ocr_line' id='line_1_13' title="bbox 389 922 463 975; baseline -0.027 -10"><span class='ocrx_word' id='word_1_77' title='bbox 389 922 463 975; x_wconf 72' lang='grc' dir='ltr'>ιιι.</span> 
     </span>
    </p>
   </div>
   <div class='ocr_carea' id='block_1_7' title="bbox 318 993 549 1032">
    <p class='ocr_par' dir='ltr' id='par_1_7' title="bbox 318 993 549 1032">
     <span class='ocr_line' id='line_1_14' title="bbox 318 993 549 1032; baseline 0.009 -9"><span class='ocrx_word' id='word_1_78' title='bbox 318 993 366 1032; x_wconf 61' lang='lat' dir='ltr'>&amp;De</span> <span class='ocrx_word' id='word_1_79' title='bbox 378 994 448 1025; x_wconf 87' lang='lat' dir='ltr'>sontibus</span> <span class='ocrx_word' id='word_1_80' title='bbox 460 995 549 1026; x_wconf 80' lang='lat' dir='ltr'>christianis</span> 
     </span>
    </p>
   </div>
   <div class='ocr_carea' id='block_1_8' title="bbox 347 1080 537 1123">
    <p class='ocr_par' dir='ltr' id='par_1_8' title="bbox 347 1080 537 1123">
     <span class='ocr_line' id='line_1_15' title="bbox 347 1080 537 1123; baseline 0.011 -12"><span class='ocrx_word' id='word_1_81' title='bbox 347 1081 366 1121; x_wconf 81' lang='lat' dir='ltr'>a)</span> <span class='ocrx_word' id='word_1_82' title='bbox 379 1080 502 1114; x_wconf 87' lang='lat' dir='ltr'>orthodoxis.</span> <span class='ocrx_word' id='word_1_83' title='bbox 535 1121 537 1123; x_wconf 25' lang='grc' dir='ltr'>Ι</span> 
     </span>
    </p>
   </div>
   <div class='ocr_carea' id='block_1_9' title="bbox 12 1135 871 2339">
    <p class='ocr_par' dir='ltr' id='par_1_9' title="bbox 61 1135 871 1290">
     <span class='ocr_line' id='line_1_16' title="bbox 97 1135 295 1184; baseline -0.005 -11"><span class='ocrx_word' id='word_1_84' title='bbox 97 1135 127 1173; x_wconf 88' lang='lat' dir='ltr'>Ad</span> <span class='ocrx_word' id='word_1_85' title='bbox 142 1136 182 1173; x_wconf 74' lang='lat' dir='ltr'>hosv</span> <span class='ocrx_word' id='word_1_86' title='bbox 190 1136 295 1184; x_wconf 74' lang='lat' dir='ltr'>pertinent:</span> 
     </span>
     <span class='ocr_line' id='line_1_17' title="bbox 99 1187 668 1237; baseline -0.002 -11"><span class='ocrx_word' id='word_1_87' title='bbox 99 1187 119 1226; x_wconf 90' lang='grc'>1.</span> <span class='ocrx_word' id='word_1_88' title='bbox 133 1188 195 1227; x_wconf 88' lang='lat' dir='ltr'>Libri</span> <span class='ocrx_word' id='word_1_89' title='bbox 210 1189 273 1227; x_wconf 90' lang='lat' dir='ltr'>sacri</span> <span class='ocrx_word' id='word_1_90' title='bbox 286 1188 311 1227; x_wconf 91' lang='lat' dir='ltr'>N.</span> <span class='ocrx_word' id='word_1_91' title='bbox 325 1188 363 1236; x_wconf 93' lang='lat' dir='ltr'>T.,</span> <span class='ocrx_word' id='word_1_92' title='bbox 378 1189 493 1237; x_wconf 88' lang='lat' dir='ltr'>qnatenus</span> <span class='ocrx_word' id='word_1_93' title='bbox 507 1187 584 1237; x_wconf 80' lang='lat' dir='ltr'>agitur</span> <span class='ocrx_word' id='word_1_94' title='bbox 667 1227 668 1230; x_wconf 11' lang='grc' dir='ltr'><strong>Ἴ</strong></span> 
     </span>
     <span class='ocr_line' id='line_1_18' title="bbox 61 1239 871 1290; baseline 0.001 -12"><span class='ocrx_word' id='word_1_95' title='bbox 61 1282 65 1284; x_wconf 63' lang='grc'><strong>,</strong></span> <span class='ocrx_word' id='word_1_96' title='bbox 98 1244 121 1287; x_wconf 85' lang='lat' dir='ltr'>a)</span> <span class='ocrx_word' id='word_1_97' title='bbox 136 1242 164 1280; x_wconf 91' lang='lat' dir='ltr'>de</span> <span class='ocrx_word' id='word_1_98' title='bbox 183 1239 300 1290; x_wconf 80' lang='lat' dir='ltr'>cogitandi</span> <span class='ocrx_word' id='word_1_99' title='bbox 318 1240 478 1290; x_wconf 87' lang='lat' dir='ltr'>sentiendique</span> <span class='ocrx_word' id='word_1_100' title='bbox 496 1241 586 1279; x_wconf 89' lang='lat' dir='ltr'>ratione</span> <span class='ocrx_word' id='word_1_101' title='bbox 604 1251 659 1278; x_wconf 88' lang='lat' dir='ltr'>vere</span> <span class='ocrx_word' id='word_1_102' title='bbox 678 1239 805 1279; x_wconf 89' lang='lat' dir='ltr'>christiana</span> <span class='ocrx_word' id='word_1_103' title='bbox 868 1255 871 1260; x_wconf 97' lang='lat'>·</span> 
     </span>
    </p>

    <p class='ocr_par' dir='ltr' id='par_1_10' title="bbox 43 1293 808 1448">
     <span class='ocr_line' id='line_1_19' title="bbox 45 1293 808 1342; baseline -0.001 -11"><span class='ocrx_word' id='word_1_104' title='bbox 45 1295 67 1332; x_wconf 88' lang='lat' dir='ltr'>et</span> <span class='ocrx_word' id='word_1_105' title='bbox 81 1293 222 1342; x_wconf 87' lang='lat' dir='ltr'>apostolica,</span> <span class='ocrx_word' id='word_1_106' title='bbox 241 1294 291 1342; x_wconf 89' lang='lat' dir='ltr'>quod</span> <span class='ocrx_word' id='word_1_107' title='bbox 309 1295 394 1331; x_wconf 81' lang='lat' dir='ltr'>uberiori</span> <span class='ocrx_word' id='word_1_108' title='bbox 413 1294 575 1331; x_wconf 81' lang='lat' dir='ltr'>demonstratione</span> <span class='ocrx_word' id='word_1_109' title='bbox 592 1304 631 1330; x_wconf 92' lang='lat' dir='ltr'>non</span> <span class='ocrx_word' id='word_1_110' title='bbox 640 1293 728 1342; x_wconf 76' lang='lat' dir='ltr'>indiget,</span> <span class='ocrx_word' id='word_1_111' title='bbox 747 1295 773 1330; x_wconf 85' lang='lat' dir='ltr'>ita</span> <span class='ocrx_word' id='word_1_112' title='bbox 787 1298 808 1331; x_wconf 89' lang='lat' dir='ltr'>ut</span> 
     </span>
     <span class='ocr_line' id='line_1_20' title="bbox 43 1322 807 1397; baseline 0.004 -15"><span class='ocrx_word' id='word_1_113' title='bbox 43 1346 107 1383; x_wconf 85' lang='lat' dir='ltr'>valeat</span> <span class='ocrx_word' id='word_1_114' title='bbox 115 1347 198 1397; x_wconf 82' lang='lat' dir='ltr'>regula:</span> <span class='ocrx_word' id='word_1_115' title='bbox 216 1346 284 1385; x_wconf 88' lang='lat' dir='ltr'>Nulla</span> <span class='ocrx_word' id='word_1_116' title='bbox 298 1346 413 1385; x_wconf 88' lang='lat' dir='ltr'>sententia</span> <span class='ocrx_word' id='word_1_117' title='bbox 426 1357 481 1384; x_wconf 88' lang='lat' dir='ltr'>vere</span> <span class='ocrx_word' id='word_1_118' title='bbox 496 1346 625 1385; x_wconf 88' lang='lat' dir='ltr'>christiana</span> <span class='ocrx_word' id='word_1_119' title='bbox 642 1322 750 1385; x_wconf 85' lang='lat' dir='ltr'>habenda</span> <span class='ocrx_word' id='word_1_120' title='bbox 764 1348 807 1394; x_wconf 85' lang='lat' dir='ltr'>est,</span> 
     </span>
     <span class='ocr_line' id='line_1_21' title="bbox 45 1398 663 1474; baseline 0.002 -38"><span class='ocrx_word' id='word_1_121' title='bbox 45 1409 105 1446; x_wconf 89' lang='lat' dir='ltr'>quae</span> <span class='ocrx_word' id='word_1_122' title='bbox 119 1398 207 1448; x_wconf 90' lang='lat' dir='ltr'>apertis</span> <span class='ocrx_word' id='word_1_123' title='bbox 221 1399 304 1437; x_wconf 87' lang='lat' dir='ltr'>horum</span> <span class='ocrx_word' id='word_1_124' title='bbox 318 1399 430 1437; x_wconf 90' lang='lat' dir='ltr'>librorum</span> <span class='ocrx_word' id='word_1_125' title='bbox 445 1398 523 1437; x_wconf 80' lang='lat' dir='ltr'>effatis</span> <span class='ocrx_word' id='word_1_126' title='bbox 537 1401 663 1474; x_wconf 76' lang='lat' dir='ltr'>repugnat3</span> 
     </span>
    </p>

    <p class='ocr_par' dir='ltr' id='par_1_11' title="bbox 99 1451 408 1499">
     <span class='ocr_line' id='line_1_22' title="bbox 99 1451 408 1499; baseline 0 -10"><span class='ocrx_word' id='word_1_127' title='bbox 99 1452 130 1497; x_wconf 82' lang='grc' dir='ltr'>ιι)</span> <span class='ocrx_word' id='word_1_128' title='bbox 128 1451 164 1489; x_wconf 88' lang='lat' dir='ltr'>de</span> <span class='ocrx_word' id='word_1_129' title='bbox 177 1451 250 1489; x_wconf 82' lang='lat' dir='ltr'>factis·</span> <span class='ocrx_word' id='word_1_130' title='bbox 261 1452 370 1499; x_wconf 75' lang='lat' dir='ltr'>ratisque,</span> <span class='ocrx_word' id='word_1_131' title='bbox 385 1453 408 1489; x_wconf 90' lang='lat' dir='ltr'>ct</span> 
     </span>
    </p>

    <p class='ocr_par' dir='ltr' id='par_1_12' title="bbox 12 1501 807 1761">
     <span class='ocr_line' id='line_1_23' title="bbox 98 1501 807 1552; baseline -0.003 -11"><span class='ocrx_word' id='word_1_132' title='bbox 98 1506 120 1548; x_wconf 79' lang='lat' dir='ltr'>c)</span> <span class='ocrx_word' id='word_1_133' title='bbox 135 1503 163 1541; x_wconf 89' lang='lat' dir='ltr'>de</span> <span class='ocrx_word' id='word_1_134' title='bbox 177 1504 313 1541; x_wconf 77' lang='lat' dir='ltr'>charactere</span> <span class='ocrx_word' id='word_1_135' title='bbox 326 1504 383 1541; x_wconf 84' lang='lat' dir='ltr'>Jesn</span> <span class='ocrx_word' id='word_1_136' title='bbox 393 1505 416 1541; x_wconf 90' lang='lat' dir='ltr'>et</span> <span class='ocrx_word' id='word_1_137' title='bbox 424 1503 595 1552; x_wconf 79' lang='lat' dir='ltr'>Apostolorum</span> <span class='ocrx_word' id='word_1_138' title='bbox 610 1503 655 1540; x_wconf 85' lang='lat' dir='ltr'>Cum</span> <span class='ocrx_word' id='word_1_139' title='bbox 663 1514 711 1540; x_wconf 85' lang='lat' dir='ltr'>vero</span> <span class='ocrx_word' id='word_1_140' title='bbox 720 1513 746 1540; x_wconf 92' lang='lat' dir='ltr'>ss.</span> <span class='ocrx_word' id='word_1_141' title='bbox 756 1501 779 1539; x_wconf 91' lang='lat' dir='ltr'>N.</span> <span class='ocrx_word' id='word_1_142' title='bbox 786 1502 807 1540; x_wconf 88' lang='lat' dir='ltr'>T.</span> 
     </span>
     <span class='ocr_line' id='line_1_24' title="bbox 46 1554 807 1605; baseline 0 -14"><span class='ocrx_word' id='word_1_143' title='bbox 46 1554 89 1591; x_wconf 91' lang='lat' dir='ltr'>libri</span> <span class='ocrx_word' id='word_1_144' title='bbox 103 1567 142 1593; x_wconf 93' lang='lat' dir='ltr'>non</span> <span class='ocrx_word' id='word_1_145' title='bbox 156 1566 180 1592; x_wconf 89' lang='lat' dir='ltr'>eo</span> <span class='ocrx_word' id='word_1_146' title='bbox 194 1555 232 1593; x_wconf 88' lang='lat' dir='ltr'>fine</span> <span class='ocrx_word' id='word_1_147' title='bbox 247 1556 349 1604; x_wconf 82' lang='lat' dir='ltr'>conscripti</span> <span class='ocrx_word' id='word_1_148' title='bbox 364 1557 411 1601; x_wconf 89' lang='lat' dir='ltr'>sint,</span> <span class='ocrx_word' id='word_1_149' title='bbox 430 1560 450 1592; x_wconf 88' lang='lat' dir='ltr'>ut</span> <span class='ocrx_word' id='word_1_150' title='bbox 467 1557 560 1605; x_wconf 84' lang='lat' dir='ltr'>integram</span> <span class='ocrx_word' id='word_1_151' title='bbox 580 1556 678 1592; x_wconf 88' lang='lat' dir='ltr'>doctrinae</span> <span class='ocrx_word' id='word_1_152' title='bbox 693 1555 807 1592; x_wconf 86' lang='lat' dir='ltr'>christianae</span> 
     </span>
     <span class='ocr_line' id='line_1_25' title="bbox 45 1584 807 1668; baseline 0 -25"><span class='ocrx_word' id='word_1_153' title='bbox 45 1618 135 1644; x_wconf 89' lang='lat' dir='ltr'>summam</span> <span class='ocrx_word' id='word_1_154' title='bbox 151 1608 206 1644; x_wconf 91' lang='lat' dir='ltr'>modo</span> <span class='ocrx_word' id='word_1_155' title='bbox 222 1608 308 1645; x_wconf 75' lang='lat' dir='ltr'>carnibus</span> <span class='ocrx_word' id='word_1_156' title='bbox 323 1608 374 1644; x_wconf 85' lang='lat' dir='ltr'>claro</span> <span class='ocrx_word' id='word_1_157' title='bbox 389 1584 572 1655; x_wconf 83' lang='lat' dir='ltr'>cdmptccterentur·</span> <span class='ocrx_word' id='word_1_158' title='bbox 587 1607 609 1644; x_wconf 86' lang='lat' dir='ltr'>ad</span> <span class='ocrx_word' id='word_1_159' title='bbox 620 1608 693 1668; x_wconf 78' lang='lat' dir='ltr'>plenam</span> <span class='ocrx_word' id='word_1_160' title='bbox 709 1607 807 1656; x_wconf 78' lang='lat' dir='ltr'>magisque</span> 
     </span>
     <span class='ocr_line' id='line_1_26' title="bbox 12 1659 808 1708; baseline -0.001 -12"><span class='ocrx_word' id='word_1_161' title='bbox 12 1668 13 1671; x_wconf 75' lang='grc'>’</span> <span class='ocrx_word' id='word_1_162' title='bbox 44 1660 164 1707; x_wconf 84' lang='lat' dir='ltr'>perspicuam</span> <span class='ocrx_word' id='word_1_163' title='bbox 183 1659 298 1697; x_wconf 87' lang='lat' dir='ltr'>christianae</span> <span class='ocrx_word' id='word_1_164' title='bbox 315 1660 411 1708; x_wconf 81' lang='lat' dir='ltr'>cogitandi</span> <span class='ocrx_word' id='word_1_165' title='bbox 430 1660 562 1708; x_wconf 89' lang='lat' dir='ltr'>sentiendique</span> <span class='ocrx_word' id='word_1_166' title='bbox 581 1661 660 1696; x_wconf 85' lang='lat' dir='ltr'>rationis</span> <span class='ocrx_word' id='word_1_167' title='bbox 674 1659 758 1696; x_wconf 86' lang='lat' dir='ltr'>notitiam</span> <span class='ocrx_word' id='word_1_168' title='bbox 773 1670 808 1696; x_wconf 90' lang='lat' dir='ltr'>as-</span> 
     </span>
     <span class='ocr_line' id='line_1_27' title="bbox 45 1709 354 1761; baseline 0 -14"><span class='ocrx_word' id='word_1_169' title='bbox 45 1712 160 1758; x_wconf 85' lang='lat' dir='ltr'>sequendam</span> <span class='ocrx_word' id='word_1_170' title='bbox 175 1709 295 1761; x_wconf 80' lang='lat' dir='ltr'>adjungenda</span> <span class='ocrx_word' id='word_1_171' title='bbox 310 1715 354 1748; x_wconf 89' lang='lat' dir='ltr'>sunt</span> 
     </span>
    </p>

    <p class='ocr_par' dir='ltr' id='par_1_13' title="bbox 43 1761 808 2339">
     <span class='ocr_line' id='line_1_28' title="bbox 97 1761 808 1811; baseline 0 -11"><span class='ocrx_word' id='word_1_172' title='bbox 97 1762 118 1799; x_wconf 80' lang='lat'>2.</span> <span class='ocrx_word' id='word_1_173' title='bbox 133 1762 226 1811; x_wconf 89' lang='lat' dir='ltr'>Scripta</span> <span class='ocrx_word' id='word_1_174' title='bbox 239 1773 272 1800; x_wconf 88' lang='lat' dir='ltr'>ss.</span> <span class='ocrx_word' id='word_1_175' title='bbox 287 1763 395 1809; x_wconf 77' lang='lat' dir='ltr'>Petrum,</span> <span class='ocrx_word' id='word_1_176' title='bbox 415 1764 494 1811; x_wconf 85' lang='lat' dir='ltr'>utpote</span> <span class='ocrx_word' id='word_1_177' title='bbox 513 1762 552 1810; x_wconf 88' lang='lat' dir='ltr'>qui</span> <span class='ocrx_word' id='word_1_178' title='bbox 570 1763 608 1800; x_wconf 89' lang='lat' dir='ltr'>vel</span> <span class='ocrx_word' id='word_1_179' title='bbox 625 1761 753 1800; x_wconf 83' lang='lat' dir='ltr'>immediati</span> <span class='ocrx_word' id='word_1_180' title='bbox 771 1763 808 1800; x_wconf 89' lang='lat' dir='ltr'>vel</span> 
     </span>
     <span class='ocr_line' id='line_1_29' title="bbox 45 1813 807 1863; baseline 0.001 -13"><span class='ocrx_word' id='word_1_181' title='bbox 45 1814 132 1851; x_wconf 88' lang='lat' dir='ltr'>saltem</span> <span class='ocrx_word' id='word_1_182' title='bbox 142 1814 236 1851; x_wconf 83' lang='lat' dir='ltr'>mediati</span> <span class='ocrx_word' id='word_1_183' title='bbox 249 1814 413 1863; x_wconf 80' lang='lat' dir='ltr'>Apostolorum</span> <span class='ocrx_word' id='word_1_184' title='bbox 427 1814 535 1862; x_wconf 89' lang='lat' dir='ltr'>discipuli</span> <span class='ocrx_word' id='word_1_185' title='bbox 553 1816 630 1861; x_wconf 89' lang='lat' dir='ltr'>erant,</span> <span class='ocrx_word' id='word_1_186' title='bbox 650 1814 735 1862; x_wconf 86' lang='lat' dir='ltr'>quique</span> <span class='ocrx_word' id='word_1_187' title='bbox 754 1813 807 1851; x_wconf 88' lang='lat' dir='ltr'>doc-</span> 
     </span>
     <span class='ocr_line' id='line_1_30' title="bbox 43 1862 807 1915; baseline -0.001 -12"><span class='ocrx_word' id='word_1_188' title='bbox 43 1862 129 1903; x_wconf 88' lang='lat' dir='ltr'>trinam</span> <span class='ocrx_word' id='word_1_189' title='bbox 152 1863 241 1904; x_wconf 81' lang='lat' dir='ltr'>Ghristi</span> <span class='ocrx_word' id='word_1_190' title='bbox 258 1868 281 1904; x_wconf 88' lang='lat' dir='ltr'>et</span> <span class='ocrx_word' id='word_1_191' title='bbox 301 1866 464 1915; x_wconf 82' lang='lat' dir='ltr'>Apostolorum</span> <span class='ocrx_word' id='word_1_192' title='bbox 488 1866 557 1903; x_wconf 88' lang='lat' dir='ltr'>viva</span> <span class='ocrx_word' id='word_1_193' title='bbox 564 1876 622 1905; x_wconf 69' lang='lat' dir='ltr'>uoce</span> <span class='ocrx_word' id='word_1_194' title='bbox 643 1867 763 1915; x_wconf 87' lang='lat' dir='ltr'>acceptam</span> <span class='ocrx_word' id='word_1_195' title='bbox 783 1864 807 1903; x_wconf 92' lang='lat' dir='ltr'>in</span> 
     </span>
     <span class='ocr_line' id='line_1_31' title="bbox 45 1916 808 1967; baseline 0 -12"><span class='ocrx_word' id='word_1_196' title='bbox 45 1917 138 1967; x_wconf 87' lang='lat' dir='ltr'>scriptis</span> <span class='ocrx_word' id='word_1_197' title='bbox 153 1918 203 1956; x_wconf 90' lang='lat' dir='ltr'>suis</span> <span class='ocrx_word' id='word_1_198' title='bbox 218 1917 392 1967; x_wconf 81' lang='lat' dir='ltr'>consignarunt,</span> <span class='ocrx_word' id='word_1_199' title='bbox 407 1928 481 1967; x_wconf 87' lang='lat' dir='ltr'>neque</span> <span class='ocrx_word' id='word_1_200' title='bbox 495 1919 524 1956; x_wconf 87' lang='lat' dir='ltr'>de</span> <span class='ocrx_word' id='word_1_201' title='bbox 537 1919 614 1957; x_wconf 90' lang='lat' dir='ltr'>minus</span> <span class='ocrx_word' id='word_1_202' title='bbox 628 1920 693 1956; x_wconf 86' lang='lat' dir='ltr'>recta</span> <span class='ocrx_word' id='word_1_203' title='bbox 703 1916 755 1964; x_wconf 89' lang='lat' dir='ltr'>ejus</span> <span class='ocrx_word' id='word_1_204' title='bbox 770 1928 808 1955; x_wconf 89' lang='lat' dir='ltr'>co-</span> 
     </span>
     <span class='ocr_line' id='line_1_32' title="bbox 44 1969 807 2020; baseline -0.001 -11"><span class='ocrx_word' id='word_1_205' title='bbox 44 1970 158 2018; x_wconf 77' lang='lat' dir='ltr'>guntione,</span> <span class='ocrx_word' id='word_1_206' title='bbox 177 1982 220 2010; x_wconf 92' lang='lat' dir='ltr'>nec</span> <span class='ocrx_word' id='word_1_207' title='bbox 237 1971 265 2009; x_wconf 89' lang='lat' dir='ltr'>de</span> <span class='ocrx_word' id='word_1_208' title='bbox 284 1971 329 2011; x_wconf 87' lang='lat' dir='ltr'>ilde</span> <span class='ocrx_word' id='word_1_209' title='bbox 342 1970 438 2009; x_wconf 88' lang='lat' dir='ltr'>laesa</span> <span class='ocrx_word' id='word_1_210' title='bbox 431 1983 455 2009; x_wconf 96' lang='lat' dir='ltr'>m</span> <span class='ocrx_word' id='word_1_211' title='bbox 471 1971 513 2010; x_wconf 91' lang='lat' dir='ltr'>illa</span> <span class='ocrx_word' id='word_1_212' title='bbox 533 1970 682 2020; x_wconf 83' lang='lat' dir='ltr'>proponenda</span> <span class='ocrx_word' id='word_1_213' title='bbox 704 1969 807 2019; x_wconf 89' lang='lat' dir='ltr'>suspecti</span> 
     </span>
     <span class='ocr_line' id='line_1_33' title="bbox 44 2022 808 2073; baseline -0.001 -12"><span class='ocrx_word' id='word_1_214' title='bbox 44 2033 97 2062; x_wconf 91' lang='lat' dir='ltr'>esse</span> <span class='ocrx_word' id='word_1_215' title='bbox 111 2024 217 2073; x_wconf 85' lang='lat' dir='ltr'>possunt,</span> <span class='ocrx_word' id='word_1_216' title='bbox 231 2024 271 2062; x_wconf 93' lang='lat' dir='ltr'>ubi</span> <span class='ocrx_word' id='word_1_217' title='bbox 285 2022 425 2062; x_wconf 85' lang='lat' dir='ltr'>unanimiter</span> <span class='ocrx_word' id='word_1_218' title='bbox 439 2024 593 2070; x_wconf 86' lang='lat' dir='ltr'>consentiunt,</span> <span class='ocrx_word' id='word_1_219' title='bbox 607 2023 691 2073; x_wconf 83' lang='lat' dir='ltr'>quippe</span> <span class='ocrx_word' id='word_1_220' title='bbox 700 2023 740 2071; x_wconf 90' lang='lat' dir='ltr'>qui</span> <span class='ocrx_word' id='word_1_221' title='bbox 753 2034 808 2060; x_wconf 89' lang='lat' dir='ltr'>con-</span> 
     </span>
     <span class='ocr_line' id='line_1_34' title="bbox 44 2074 808 2126; baseline 0.001 -12"><span class='ocrx_word' id='word_1_222' title='bbox 44 2087 129 2126; x_wconf 89' lang='lat' dir='ltr'>sensus</span> <span class='ocrx_word' id='word_1_223' title='bbox 148 2088 199 2116; x_wconf 92' lang='lat' dir='ltr'>cum</span> <span class='ocrx_word' id='word_1_224' title='bbox 218 2076 350 2126; x_wconf 80' lang='lat' dir='ltr'>ignorantia</span> <span class='ocrx_word' id='word_1_225' title='bbox 369 2078 410 2115; x_wconf 86' lang='lat' dir='ltr'>aut</span> <span class='ocrx_word' id='word_1_226' title='bbox 427 2077 493 2115; x_wconf 86' lang='lat' dir='ltr'>laesa</span> <span class='ocrx_word' id='word_1_227' title='bbox 511 2074 703 2125; x_wconf 76' lang='lat' dir='ltr'>fidesubsistere</span> <span class='ocrx_word' id='word_1_228' title='bbox 721 2075 808 2125; x_wconf 89' lang='lat' dir='ltr'>nequit.</span> 
     </span>
     <span class='ocr_line' id='line_1_35' title="bbox 44 2129 807 2180; baseline 0.001 -12"><span class='ocrx_word' id='word_1_229' title='bbox 44 2129 170 2169; x_wconf 86' lang='lat' dir='ltr'>Praeterea</span> <span class='ocrx_word' id='word_1_230' title='bbox 184 2130 254 2170; x_wconf 89' lang='lat' dir='ltr'>etiam</span> <span class='ocrx_word' id='word_1_231' title='bbox 268 2131 293 2170; x_wconf 92' lang='lat' dir='ltr'>in</span> <span class='ocrx_word' id='word_1_232' title='bbox 306 2131 403 2170; x_wconf 80' lang='lat' dir='ltr'>Petrum</span> <span class='ocrx_word' id='word_1_233' title='bbox 417 2129 526 2180; x_wconf 89' lang='lat' dir='ltr'>operibus</span> <span class='ocrx_word' id='word_1_234' title='bbox 545 2129 599 2169; x_wconf 90' lang='lat' dir='ltr'>hinc</span> <span class='ocrx_word' id='word_1_235' title='bbox 617 2129 670 2168; x_wconf 85' lang='lat' dir='ltr'>inde</span> <span class='ocrx_word' id='word_1_236' title='bbox 688 2129 807 2180; x_wconf 85' lang='lat' dir='ltr'>reperiun-</span> 
     </span>
     <span class='ocr_line' id='line_1_36' title="bbox 44 2182 808 2237; baseline 0 -16"><span class='ocrx_word' id='word_1_237' title='bbox 44 2185 83 2221; x_wconf 87' lang='lat' dir='ltr'>tur</span> <span class='ocrx_word' id='word_1_238' title='bbox 96 2183 222 2232; x_wconf 83' lang='lat' dir='ltr'>relationes</span> <span class='ocrx_word' id='word_1_239' title='bbox 236 2183 362 2237; x_wconf 86' lang='lat' dir='ltr'>historicae</span> <span class='ocrx_word' id='word_1_240' title='bbox 377 2184 405 2223; x_wconf 91' lang='lat' dir='ltr'>de</span> <span class='ocrx_word' id='word_1_241' title='bbox 418 2184 482 2232; x_wconf 90' lang='lat' dir='ltr'>loco,</span> <span class='ocrx_word' id='word_1_242' title='bbox 493 2185 615 2232; x_wconf 82' lang='lat' dir='ltr'>tempore,</span> <span class='ocrx_word' id='word_1_243' title='bbox 623 2208 624 2211; x_wconf 57' lang='lat'><em>=</em></span> <span class='ocrx_word' id='word_1_244' title='bbox 633 2182 726 2232; x_wconf 80' lang='lat' dir='ltr'>lingua,</span> <span class='ocrx_word' id='word_1_245' title='bbox 740 2194 808 2221; x_wconf 86' lang='lat' dir='ltr'>occa-</span> 
     </span>
     <span class='ocr_line' id='line_1_37' title="bbox 45 2236 806 2287; baseline -0.001 -13"><span class='ocrx_word' id='word_1_246' title='bbox 45 2236 122 2283; x_wconf 76' lang='lat' dir='ltr'>sione,</span> <span class='ocrx_word' id='word_1_247' title='bbox 141 2236 251 2285; x_wconf 90' lang='lat' dir='ltr'>consilio,</span> <span class='ocrx_word' id='word_1_248' title='bbox 273 2249 319 2287; x_wconf 88' lang='lat' dir='ltr'>quo</span> <span class='ocrx_word' id='word_1_249' title='bbox 337 2237 376 2275; x_wconf 91' lang='lat' dir='ltr'>hic</span> <span class='ocrx_word' id='word_1_250' title='bbox 394 2236 461 2276; x_wconf 90' lang='lat' dir='ltr'>illeve</span> <span class='ocrx_word' id='word_1_251' title='bbox 480 2236 580 2287; x_wconf 86' lang='lat' dir='ltr'>scriptor</span> <span class='ocrx_word' id='word_1_252' title='bbox 597 2247 666 2275; x_wconf 84' lang='lat' dir='ltr'>sacer</span> <span class='ocrx_word' id='word_1_253' title='bbox 684 2236 806 2285; x_wconf 84' lang='lat' dir='ltr'>quemdam</span> 
     </span>
     <span class='ocr_line' id='line_1_38' title="bbox 45 2288 806 2339; baseline -0.001 -12"><span class='ocrx_word' id='word_1_254' title='bbox 45 2288 175 2333; x_wconf 79' lang='lat' dir='ltr'>exaraverit</span> <span class='ocrx_word' id='word_1_255' title='bbox 188 2288 285 2337; x_wconf 81' lang='lat' dir='ltr'>librum3</span> <span class='ocrx_word' id='word_1_256' title='bbox 303 2301 381 2339; x_wconf 89' lang='lat' dir='ltr'>porro</span> <span class='ocrx_word' id='word_1_257' title='bbox 394 2290 422 2329; x_wconf 93' lang='grc' dir='ltr'>ιιι</span> <span class='ocrx_word' id='word_1_258' title='bbox 440 2290 509 2329; x_wconf 86' lang='lat' dir='ltr'>factis</span> <span class='ocrx_word' id='word_1_259' title='bbox 529 2291 552 2328; x_wconf 90' lang='lat' dir='ltr'>et</span> <span class='ocrx_word' id='word_1_260' title='bbox 565 2289 621 2328; x_wconf 80' lang='lat' dir='ltr'>fatis</span> <span class='ocrx_word' id='word_1_261' title='bbox 635 2289 806 2339; x_wconf 83' lang='lat' dir='ltr'>Apostolorum,</span> 
     </span>
    </p>
   </div>
   <div class='ocr_carea' id='block_1_10' title="bbox 45 2341 870 2390">
    <p class='ocr_par' dir='ltr' id='par_1_14' title="bbox 45 2341 870 2390">
     <span class='ocr_line' id='line_1_39' title="bbox 45 2341 870 2390; baseline -0.001 -11"><span class='ocrx_word' id='word_1_262' title='bbox 45 2352 116 2389; x_wconf 87' lang='lat' dir='ltr'>quae,</span> <span class='ocrx_word' id='word_1_263' title='bbox 137 2341 177 2379; x_wconf 93' lang='lat' dir='ltr'>ubi</span> <span class='ocrx_word' id='word_1_264' title='bbox 196 2341 224 2380; x_wconf 91' lang='grc' dir='ltr'>ιιι</span> <span class='ocrx_word' id='word_1_265' title='bbox 242 2341 355 2381; x_wconf 87' lang='lat' dir='ltr'>historica</span> <span class='ocrx_word' id='word_1_266' title='bbox 373 2346 453 2381; x_wconf 82' lang='lat' dir='ltr'>earnm</span> <span class='ocrx_word' id='word_1_267' title='bbox 472 2343 517 2381; x_wconf 85' lang='lat' dir='ltr'>lide</span> <span class='ocrx_word' id='word_1_268' title='bbox 535 2353 588 2381; x_wconf 89' lang='lat' dir='ltr'>esse</span> <span class='ocrx_word' id='word_1_269' title='bbox 606 2341 686 2390; x_wconf 89' lang='lat' dir='ltr'>nequit</span> <span class='ocrx_word' id='word_1_270' title='bbox 704 2341 806 2388; x_wconf 90' lang='lat' dir='ltr'>dubium,</span> <span class='ocrx_word' id='word_1_271' title='bbox 836 2377 843 2382; x_wconf 81' lang='grc'><strong>,</strong></span> <span class='ocrx_word' id='word_1_272' title='bbox 868 2385 870 2387; x_wconf 35' lang='grc'>,</span> 
     </span>
    </p>
   </div>
   <div class='ocr_carea' id='block_1_11' title="bbox 44 2388 808 2766">
    <p class='ocr_par' dir='ltr' id='par_1_15' title="bbox 44 2388 808 2757">
     <span class='ocr_line' id='line_1_40' title="bbox 44 2388 759 2446; baseline -0.003 -13"><span class='ocrx_word' id='word_1_273' title='bbox 44 2393 123 2443; x_wconf 81' lang='lat' dir='ltr'>magni</span> <span class='ocrx_word' id='word_1_274' title='bbox 137 2396 193 2433; x_wconf 89' lang='lat' dir='ltr'>sunt</span> <span class='ocrx_word' id='word_1_275' title='bbox 206 2394 316 2434; x_wconf 87' lang='lat' dir='ltr'>momenti</span> <span class='ocrx_word' id='word_1_276' title='bbox 331 2390 361 2433; x_wconf 86' lang='lat' dir='ltr'>ad</span> <span class='ocrx_word' id='word_1_277' title='bbox 375 2394 440 2434; x_wconf 93' lang='lat' dir='ltr'>hos</span> <span class='ocrx_word' id='word_1_278' title='bbox 433 2406 498 2446; x_wconf 81' lang='lat' dir='ltr'>ipsos</span> <span class='ocrx_word' id='word_1_279' title='bbox 503 2388 586 2434; x_wconf 91' lang='lat' dir='ltr'>libros</span> <span class='ocrx_word' id='word_1_280' title='bbox 600 2394 759 2433; x_wconf 85' lang='lat' dir='ltr'>illustrandos.</span> 
     </span>
     <span class='ocr_line' id='line_1_41' title="bbox 96 2447 806 2497; baseline -0.004 -12"><span class='ocrx_word' id='word_1_281' title='bbox 96 2447 166 2485; x_wconf 87' lang='lat' dir='ltr'>Verum</span> <span class='ocrx_word' id='word_1_282' title='bbox 185 2449 235 2485; x_wconf 88' lang='lat' dir='ltr'>enim</span> <span class='ocrx_word' id='word_1_283' title='bbox 253 2458 299 2486; x_wconf 90' lang='lat' dir='ltr'>vero</span> <span class='ocrx_word' id='word_1_284' title='bbox 317 2447 341 2485; x_wconf 88' lang='lat' dir='ltr'>ad</span> <span class='ocrx_word' id='word_1_285' title='bbox 357 2452 430 2485; x_wconf 90' lang='lat' dir='ltr'>rectum</span> <span class='ocrx_word' id='word_1_286' title='bbox 450 2453 487 2486; x_wconf 91' lang='lat' dir='ltr'>tum</span> <span class='ocrx_word' id='word_1_287' title='bbox 506 2459 522 2487; x_wconf 88' lang='lat' dir='ltr'>s.</span> <span class='ocrx_word' id='word_1_288' title='bbox 541 2449 651 2497; x_wconf 87' lang='lat' dir='ltr'>Scipturae,</span> <span class='ocrx_word' id='word_1_289' title='bbox 670 2451 707 2484; x_wconf 88' lang='lat' dir='ltr'>tum</span> <span class='ocrx_word' id='word_1_290' title='bbox 721 2447 806 2494; x_wconf 89' lang='lat' dir='ltr'>ipsorum</span> 
     </span>
     <span class='ocr_line' id='line_1_42' title="bbox 44 2498 807 2539; baseline 0 -3"><span class='ocrx_word' id='word_1_291' title='bbox 44 2508 70 2536; x_wconf 91' lang='lat' dir='ltr'>ss.</span> <span class='ocrx_word' id='word_1_292' title='bbox 84 2499 159 2537; x_wconf 82' lang='lat' dir='ltr'>Petrum</span> <span class='ocrx_word' id='word_1_293' title='bbox 173 2511 227 2538; x_wconf 90' lang='lat' dir='ltr'>usum</span> <span class='ocrx_word' id='word_1_294' title='bbox 241 2501 297 2538; x_wconf 84' lang='lat' dir='ltr'>hac</span> <span class='ocrx_word' id='word_1_295' title='bbox 291 2512 310 2538; x_wconf 91' lang='lat' dir='ltr'>m</span> <span class='ocrx_word' id='word_1_296' title='bbox 324 2511 346 2538; x_wconf 89' lang='lat' dir='ltr'>re</span> <span class='ocrx_word' id='word_1_297' title='bbox 360 2500 510 2539; x_wconf 78' lang='lat' dir='ltr'>faciendorum</span> <span class='ocrx_word' id='word_1_298' title='bbox 527 2501 598 2539; x_wconf 78' lang='lat' dir='ltr'>rebus</span> <span class='ocrx_word' id='word_1_299' title='bbox 612 2498 665 2538; x_wconf 84' lang='lat' dir='ltr'>iidci</span> <span class='ocrx_word' id='word_1_300' title='bbox 680 2500 702 2536; x_wconf 86' lang='lat' dir='ltr'>et</span> <span class='ocrx_word' id='word_1_301' title='bbox 715 2509 807 2537; x_wconf 88' lang='lat' dir='ltr'>morum</span> 
     </span>
     <span class='ocr_line' id='line_1_43' title="bbox 44 2551 263 2591; baseline 0.018 -4"><span class='ocrx_word' id='word_1_302' title='bbox 44 2551 225 2591; x_wconf 85' lang='lat' dir='ltr'>christianorum</span> <span class='ocrx_word' id='word_1_303' title='bbox 261 2562 263 2564; x_wconf 76' lang='grc'>’</span> 
     </span>
     <span class='ocr_line' id='line_1_44' title="bbox 82 2603 807 2654; baseline 0 -12"><span class='ocrx_word' id='word_1_304' title='bbox 82 2604 118 2642; x_wconf 81' lang='grc'>..3</span> <span class='ocrx_word' id='word_1_305' title='bbox 136 2609 254 2654; x_wconf 86' lang='lat' dir='ltr'>nunqnam</span> <span class='ocrx_word' id='word_1_306' title='bbox 272 2616 318 2648; x_wconf 91' lang='lat' dir='ltr'>non</span> <span class='ocrx_word' id='word_1_307' title='bbox 335 2605 455 2654; x_wconf 89' lang='lat' dir='ltr'>interpreti</span> <span class='ocrx_word' id='word_1_308' title='bbox 473 2605 539 2643; x_wconf 76' lang='lat' dir='ltr'>du&#39;cis</span> <span class='ocrx_word' id='word_1_309' title='bbox 557 2606 579 2642; x_wconf 90' lang='lat' dir='ltr'>et</span> <span class='ocrx_word' id='word_1_310' title='bbox 592 2614 688 2642; x_wconf 87' lang='lat' dir='ltr'>normae</span> <span class='ocrx_word' id='word_1_311' title='bbox 703 2603 807 2642; x_wconf 87' lang='lat' dir='ltr'>directri-</span> 
     </span>
     <span class='ocr_line' id='line_1_45' title="bbox 45 2652 808 2717; baseline 0.001 -24"><span class='ocrx_word' id='word_1_312' title='bbox 45 2655 79 2694; x_wconf 84' lang='lat' dir='ltr'>cis</span> <span class='ocrx_word' id='word_1_313' title='bbox 93 2657 169 2696; x_wconf 89' lang='lat' dir='ltr'>instar</span> <span class='ocrx_word' id='word_1_314' title='bbox 182 2657 342 2717; x_wconf 81' lang='lat' dir='ltr'>respiciendus</span> <span class='ocrx_word' id='word_1_315' title='bbox 356 2660 392 2696; x_wconf 86' lang='lat' dir='ltr'>est</span> <span class='ocrx_word' id='word_1_316' title='bbox 406 2668 490 2696; x_wconf 84' lang='lat' dir='ltr'>sensus</span> <span class='ocrx_word' id='word_1_317' title='bbox 504 2655 617 2695; x_wconf 84' lang='lat' dir='ltr'>ecclcsiae</span> <span class='ocrx_word' id='word_1_318' title='bbox 631 2652 773 2710; x_wconf 84' lang='lat' dir='ltr'>cattrolicae</span> <span class='ocrx_word' id='word_1_319' title='bbox 787 2662 808 2695; x_wconf 89' lang='grc' dir='ltr'>ιιι</span> 
     </span>
     <span class='ocr_line' id='line_1_46' title="bbox 44 2707 356 2766; baseline 0.007 -21"><span class='ocrx_word' id='word_1_320' title='bbox 44 2707 62 2761; x_wconf 83' lang='lat' dir='ltr'>iu</span> <span class='ocrx_word' id='word_1_321' title='bbox 78 2710 142 2758; x_wconf 87' lang='lat' dir='ltr'>proh·</span> <span class='ocrx_word' id='word_1_322' title='bbox 133 2721 187 2746; x_wconf 68' lang='lat' dir='ltr'>comt</span> <span class='ocrx_word' id='word_1_323' title='bbox 190 2711 218 2747; x_wconf 87' lang='lat' dir='ltr'>nis</span> <span class='ocrx_word' id='word_1_324' title='bbox 233 2712 356 2766; x_wconf 88' lang='lat' dir='ltr'>ostendimus.</span> 
     </span>
    </p>
   </div>
   <div class='ocr_carea' id='block_1_12' title="bbox 0 0 898 2921">
    <p class='ocr_par' dir='ltr' id='par_1_16' title="bbox 0 0 898 2921">
     <span class='ocr_line' id='line_1_47' title="bbox 0 0 898 2921; baseline 0 0"><span class='ocrx_word' id='word_1_325' title='bbox 0 0 898 2921; x_wconf 95' lang='lat' dir='ltr'> </span> 
     </span>
    </p>
   </div>
  </div>
 </body>
</html>
