1765 2921
69 91 99 130 38

71 188 171 226 bendum
191 191 234 227 est.
262 189 319 228 Nam
336 189 453 227 nerninem
476 198 553 239 rerum
567 184 713 227 biblicarum
736 197 834 236 girarum
873 186 875 188 ’

70 241 138 286 latet,
152 241 241 289 regulis
255 241 440 280 bermencutieae
454 250 500 278 non
514 239 599 288 ubique
614 251 641 278 ex
655 252 710 279 asse
724 240 836 279 satislieri

71 303 149 341 posse.
164 292 195 331 Sic
209 306 227 332 v,
242 306 261 343 g.
275 294 417 332 hermeneutioa
431 304 478 330 usus
491 292 584 341 loquendi
598 296 617 329 et
629 293 744 331 conditionis
753 293 836 341 loquen-

72 346 96 382 tis
110 346 204 383 rationem
218 346 289 384 habere
303 350 363 383 recte
375 346 477 394 praecipit3
496 349 579 382 attamen
597 344 638 382 lieri
656 349 721 394 potest
735 349 755 383 et
767 355 836 383 revera

72 397 102 442 fit,
122 401 143 434 ut
156 402 187 435 sat
201 399 248 435 certi
263 409 285 435 ac
299 399 396 446 perspicui
410 408 448 439 non
463 397 526 434 adsint
543 397 617 443 fontes,
637 397 731 445 equibus
745 398 777 435 vel
790 408 837 434 usus
876 399 878 401 ’

73 449 165 497 loquendi
179 452 233 487 vocis
248 449 353 499 cujusdam,
368 450 398 486 vet
414 450 499 487 conditio
514 451 609 499 personae
623 450 718 498 loquentis
726 454 786 487 -oerto
802 459 838 497 co-

73 506 185 551 gnoscatur.
206 502 225 539 Si
242 502 282 549 jam
295 502 314 538 in
334 502 428 550 ejusmodi
447 514 504 549 casu,
525 503 627 551 praecipue
641 502 673 539 ubi
686 503 781 539 rationum
794 512 839 538 mo-

73 558 135 590 menta
151 554 238 601 utrinque
253 556 306 602 paria
321 558 371 600 sunt,
385 555 434 592 alter
447 556 571 604 interpretum
586 554 645 601 hanc,
660 553 708 591 alter
722 553 776 591 aliam
790 564 839 590 sen-v

74 606 151 642 tentiam
167 617 203 642 ceu
214 607 278 655 magis,
290 607 408 655 probabilem
423 608 516 655 praefert:
530 618 568 644 non
583 607 675 648 theoriae,
689 606 724 644 sed
737 607 767 643 rei
778 606 839 653 ipsius

75 663 154 694 naturae
170 669 227 696 causa
242 659 342 697 tribuenda
357 664 392 696 est.
406 681 432 687 -
450 659 525 709 blagis
542 659 619 697 adbuc
637 658 711 697 oritur
728 657 840 707 interpre-

75 710 189 748 tationum
211 711 338 760 disparitas
357 712 386 749 'ex
407 713 487 750 causis
508 710 652 759 subJeotivis.
681 710 772 749 ‘Etenim
792 721 839 748 non

76 768 157 801 ornnes
175 762 313 811 interpretes
334 764 414 802 eadem
434 764 541 803 instructi
560 765 614 802 sunt
632 763 772 811 eruditione3
793 773 840 800 non

76 821 157 853 orirncs
172 816 293 863 aeqrralem
307 816 331 855 in
345 816 518 866 interpretando
532 815 686 864 diligentiam,
705 817 728 854 et
745 815 769 853 in
783 825 839 864 porr·

76 868 186 905 iterandis
205 867 322 906 rationum
340 868 463 907 momentis
484 868 632 906 severitatem
653 867 774 916 adtribent3
794 877 841 905 non

77 931 158 958 orrrncs
173 931 247 969 aeque
261 921 443 971 irnruunessunt
462 921 492 959 ab
506 920 569 959 omni
582 919 727 970 praejudicio
742 922 765 958 et
778 919 841 958 omni

77 972 185 1022 opinione
203 976 381 1023 praeoccupata.
402 974 481 1013 Etiamsi
497 976 561 1023 itaque
579 979 664 1011 nostram
678 974 841 1022 interpretationis

79 1027 170 1063 llreorianr
186 1038 252 1063 omnes
267 1031 405 1075 sequerentur,
420 1032 473 1065 certe
487 1028 577 1069 hoonon
592 1027 680 1065 obstante
693 1027 737 1074 ille,
752 1028 783 1075 qui
798 1027 842 1064 exi-

78 1080 120 1116 miis
136 1079 193 1116 animi
207 1079 327 1118 facultatibus
342 1084 362 1119 et
376 1081 446 1131 insigni
461 1080 567 1119 eruditione
577 1081 680 1118 instructus
691 1085 726 1127 est,
742 1081 773 1129 qni
784 1091 843 1129 prae-

78 1137 131 1169 terea
146 1132 209 1170 debila
224 1144 265 1170 cum
280 1133 377 1184 diligentia
391 1135 410 1171 in
421 1134 563 1184 interpretando
573 1138 667 1177 versatur,
681 1133 776 1182 nullisque
784 1144 844 1181 prae·
881 1136 882 1139 ’

25 1207 27 1210 s
61 1186 178 1234 ‚occupatis
190 1187 319 1234 opinionibus
338 1187 491 1236 avero,quod
508 1188 569 1234 videt,
589 1186 721 1235 amplectendo
740 1186 842 1233 detinetur,
881 1209 882 1212 =

79 1238 159 1276 eandem
168 1246 213 1275 'rem
228 1239 298 1277 elarius
312 1241 423 1289 perspiciet,
438 1244 458 1277 et
471 1251 548 1278 sensum
562 1240 658 1288 loquentis
669 1238 743 1277 facilins
753 1239 843 1286 inveniet,

79 1302 135 1339 quarn
150 1292 204 1335 alius,
220 1293 252 1340 qui
267 1293 299 1329 rix
313 1293 449 1330 sufficientibus
464 1293 488 1332 ad
502 1292 663 1341 interpretandum
674 1291 750 1330 dotibus
760 1294 844 1329 instruo·
881 1334 883 1336 ,

79 1348 120 1390 lus,
139 1345 209 1393 exigua
228 1355 250 1382 ac
268 1357 334 1383 manca
349 1346 459 1395 cognitione
476 1346 570 1393 imbutus,
590 1344 712 1394 praejudiciis
727 1349 792 1382 sectae
807 1356 844 1382 ou·
881 1344 883 1347 ⁴

77 1397 164 1445 J'usdam,
184 1401 216 1434 aut
234 1397 407 1447 placitis-aliqu'us
422 1400 530 1446 systematis
549 1398 677 1447 philosophici
692 1401 844 1446 praeoccupatus

80 1450 103 1486 ad
118 1450 279 1498 interpretationis
294 1446 392 1501 negotium
407 1451 491 1498 accedit,
505 1451 536 1489 vel
552 1452 583 1499 qui
597 1450 678 1487 debitam
694 1450 811 1500 diligentium
825 1453 845 1487 et

80 1503 239 1539 severitatemin
259 1504 388 1540 examinandis
409 1505 503 1541 rationum
525 1503 625 1540 momentis
647 1502 737 1540 adhibere
758 1502 844 1552 negligit.

80 1554 195 1591 varietatem
211 1556 372 1604 interpretationis
392 1568 416 1593 ex
436 1556 471 1593 bac
484 1557 607 1605 interpretum
622 1555 733 1593 diversitate
751 1558 845 1592 necessa-

81 1608 110 1644 rio
126 1607 224 1644 oriundam
234 1619 290 1645 uerno
301 1619 374 1656 aequus
386 1609 471 1646 theoriae
480 1609 556 1647 sobriae
564 1620 586 1646 ao
593 1608 666 1646 solidae
674 1608 758 1646 tribuere
767 1608 845 1657 poterit.

366 1706 381 1761 ’.
427 1725 447 1773 s.
462 1722 501 1764 ao.

274 1790 406 1823 llermeuenticae
418 1792 488 1824 biblicae
499 1791 579 1833 generalis
592 1791 654 1822 divisio.

135 1872 312 1924 llerrncnentiea
325 1874 411 1912 biblica
425 1873 540 1922 generalis
554 1874 637 1922 sponte
651 1883 695 1911 sua
709 1872 733 1910 in
744 1872 803 1910 duas
814 1871 846 1910 di-

81 1923 168 1962 labitur
181 1928 269 1973 parles,
284 1937 382 1974 quarunt

135 1976 172 2013 ΙιΙΙίι
187 1977 215 2015 de
229 1989 301 2016 sensu
315 1978 459 2025 inveniendo,

135 2027 177 2066 naa
192 2030 220 2068 de
234 2041 306 2069 sensu
321 2031 454 2080 exponendo
469 2030 523 2079 agit.

136 2080 204 2118 Prior
218 2083 293 2121 ilenuo
303 2083 384 2121 intres
394 2083 510 2121 sectiones
519 2081 636 2121 subdividi
648 2082 732 2130 potest,
746 2092 845 2129 quarum

138 2133 167 2169 ἸΠΜ
176 2134 208 2171 >de
222 2146 293 2173 seusu
307 2135 444 2174 inveniendo
454 2145 500 2184 per
513 2145 582 2172 nsum
596 2133 711 2181 loquendi,

136 2184 164 2222 2⁶²
178 2185 206 2222 de
220 2197 292 2224 sensu
305 2187 442 2225 invenlendo
456 2185 624 2235 perorationis
639 2187 778 2232 contextum,

136 2236 165 2274 3¹ia
179 2236 207 2274 dc
221 2248 293 2276 sensu
302 2239 439 2277 inveniendo
448 2247 491 2287 per
501 2237 655 2276 conditionem
664 2238 780 2286 loquentis
791 2237 846 2286 agit.

136 2289 215 2326 Altera
229 2301 284 2338 pars
303 2291 416 2329 diuisione
435 2290 458 2328 in
477 2290 592 2328 sectiones
610 2301 656 2328 non
674 2290 773 2337 indiget,
791 2290 847 2338 quin

83 2341 166 2390 paneis
185 2341 276 2379 absolvi
294 2347 404 2391 possunt,
424 2353 484 2391 quae
503 2342 530 2381 do
549 2342 622 2381 variis
641 2352 737 2380 sensum
755 2352 847 2391 reprae-

83 2392 191 2445 sentandi
206 2393 281 2431 modis
296 2394 392 2433 dicenda
407 2397 467 2433 sunt.

387 2467 389 2471 s
427 2483 451 2558 'p
467 2508 504 2547 21.

206 2577 292 2608 Succiucla
303 2577 378 2609 historiae
391 2576 485 2617 disciplinae
496 2577 626 2608 hernrcneutieac
639 2576 729 2608 delineatIo.

140 2656 252 2703 (Jnarnvis
270 2656 408 2707 disciplinae
427 2655 611 2695 berrncnenticae
629 2663 722 2695 srrrrnna
740 2656 772 2695 sit
789 2655 850 2694 utili·

86 2711 136 2756 las,
155 2708 260 2757 gravitas
275 2711 386 2759 maxima3
405 2710 458 2749 lieet
477 2707 529 2757 ejus
544 2708 789 2760 principiaaralione
803 2708 850 2748 dic-
