1765 2921
74 94 103 133 28

75 191 142 237 taudis,
157 191 252 228 nemiuem
266 191 333 229 latebit
346 192 507 240 perpendentem,¹
518 187 583 228 omnes
593 203 660 230 sacros
670 192 692 230 N.
701 193 722 230 T.
732 194 836 241 scriptores
877 222 881 236 2

76 243 144 280 eodem
158 244 250 293 magistro
266 244 329 281 divino
343 256 397 291 usos,
413 243 480 281 eodem
495 242 565 289 Spiritu
579 255 595 281 s.
605 244 691 292 ,afflatos
706 245 772 283 eadem
787 245 837 282 doc·
876 275 880 279 ,,

75 297 123 332 trina
138 296 220 333 imbutos
236 296 306 342 luisse,
326 301 345 333 et
359 308 393 334 eos
408 307 446 333 uon
460 306 518 343 posse
538 306 576 332 nou
591 298 710 344 consentire,
730 309 786 345 quum
800 309 838 335 nou
876 308 883 348 31

75 360 138 395 suam,
154 349 188 386 sed
203 348 281 394 Christi,
302 360 348 399 ergo
363 360 402 387 uon
416 349 522 395 rariorum,
541 347 645 387 sedonius
661 350 783 399 ejusdemque
799 361 839 388 ma-
877 355 882 397 j

76 403 132 454 gistri
140 402 355 451 tradereutdcctrinam.
364 411 387 429 —·
403 400 516 450 Analogia
530 413 614 443 sensus
629 413 681 441 curn
695 402 739 441 sule
754 402 839 442 biblica

130 458 150 502 c)
165 467 236 495 sensu
255 455 369 494 latissimo
386 456 514 506 ponderata
533 458 569 494 est
589 456 739 508 congruentia
754 468 838 497 seusus
876 460 883 508 ζξ

75 521 128 548 cunr
151 520 242 548 summa
263 508 387 547 veritatum
407 509 526 558 religionis
548 510 699 558 christianae,
723 512 837 558 quatenus

74 565 124 601 turn
138 562 161 600 iu
174 562 212 607 V.,
227 564 276 600 turn
290 562 313 600 in
327 563 352 601 N.
366 563 392 601 T.
407 564 469 601 claro
484 562 620 602 continetur.
641 563 700 612 Hujus
715 575 790 612 quoque
803 575 839 601 ra·

75 617 145 652 tionem
161 615 266 652 habendam
281 627 326 653 esse
340 617 449 664 interpreti,
469 616 513 653 iude
528 620 588 663 patet,
608 617 651 664 qnia
666 616 686 653 N.
702 617 722 663 T.
737 616 779 653 libri
795 628 838 653 arc·
877 626 880 660 ς

75 668 149 704 tissimo
165 669 183 704 iu
197 678 249 704 nexu
263 672 307 704 suut
321 668 378 715 positi
397 679 439 705 cnm
457 668 478 704 V.
492 668 524 714 T.,
543 668 649 716 multasque
667 669 766 717 religionis
785 669 838 705 veri·
875 664 883 709 ,ζ

75 723 125 756 tates
140 719 244 756 lectoribus
259 724 313 756 notas
328 724 448 767 supponunt,
468 721 516 766 qnae
535 720 554 755 iu
572 719 594 757 V.
609 720 629 756 T.
644 721 769 769 consignatae
788 724 838 766 sum,

75 772 103 808 nti
117 771 171 819 leges
186 771 280 815 morales,
297 770 402 808 doctrinam
422 776 441 808 et
454 770 553 808 historiam
572 771 595 808 de
610 773 707 809 creatione
721 771 795 819 rnnudi,
815 771 839 809 de

76 823 131 870 lapsu
146 827 308 869 protoparentum,
322 823 417 867 vaticinia,
432 827 487 871 typos
502 823 608 867 messiauos
623 827 659 860 ete.
675 823 737 866 Quare
746 825 788 872 ipse
802 823 840 860 do·

76 876 137 912 minus
152 875 183 912 llt.
199 875 217 921 5,
234 873 258 912 17
272 876 307 912 ait:
323 875 397 923 „Nolite
412 879 489 924 putare,
504 887 533 912 me
547 876 625 912 venisse
639 875 716 912 solvere
730 876 793 925 legem
808 880 840 912 aut

76 928 190 976 prophetas3
212 938 251 965 non
267 928 312 965 veni
328 927 415 975 solvere,
435 927 469 964 sed
489 927 611 976 adiniplere.“
639 926 686 965 Vice
704 939 760 966 versa
781 928 840 966 multa

76 981 131 1019 iuV
147 981 167 1019 Τ.
183 981 235 1019 libris
250 969 330 1019 obscura
344 980 408 1019 forent
401 980 494 1029 tabsquc
508 980 558 1028 luce,
574 992 622 1030 qnae
637 980 673 1019 illis
688 981 734 1019 eN.
748 981 769 1019 T.
784 980 839 1019 affut-

77 1040 121 1086 get
136 1036 238 1084 praecipue
252 1035 341 1073 ιιιίοιιιιι
356 1046 378 1072 ac
393 1037 438 1085 typi.
460 1034 536 1073 ldcos.
521 1034 679 1086 sAugustiuus
684 1040 748 1074 recte·
768 1036 839 1082 ,Vetus

75 1092 216 1136 testamentum,
231 1087 300 1138 inquil,
313 1093 343 1127 est
354 1086 400 1127 lons
414 1090 466 1135 aovi,
482 1091 504 1126 et
514 1100 585 1127 uorum
599 1089 632 1126 lun
645 1089 722 1127 veleris.
739 1111 761 1116 —
779 1089 839 1128 Αιιιι

25 1177 27 1179 ,
77 1138 140 1190 logia
153 1152 238 1180 sensus
296 1153 298 1156 ’

131 1194 157 1230 2.-
167 1205 219 1231 cunr
234 1195 278 1232 lide
292 1193 452 1232 ecclesiastica
467 1177 502 1232 est
520 1192 676 1242 congruentia
688 1205 773 1233 seusus
788 1206 840 1233 curn

78 1245 184 1284 doctrina
198 1246 333 1293 christiana,
348 1248 462 1294 quatenus
474 1246 531 1284 haec
541 1248 589 1283 tum
599 1245 667 1293 rnV
681 1248 729 1283 tum
738 1246 797 1284 rnN
806 1247 840 1294 T.,
851 1293 853 1296 Υ

78 1297 155 1335 deiu'
149 1309 180 1339 ιιι
191 1298 294 1336 ιιιιιιιιίιιιί
308 1309 341 1336 ss.
355 1299 456 1336 Patrrnn
470 1297 593 1335 traditione
611 1297 751 1345 continetur,
769 1300 792 1336 et
811 1274 840 1336 ab

77 1349 177 1386 ecclesia
191 1350 306 1387 catholica
320 1351 382 1387 clare
396 1348 538 1409 proponitur.
552 1349 589 1385 Gur
602 1350 841 1402 etquomodohaecaua-
874 1362 876 1368 ’

77 1401 129 1449 logia
143 1401 272 1447 iuterpret.is
287 1401 396 1449 Scripturas
411 1402 514 1450 praecipue
529 1402 553 1438 sit
566 1401 698 1449 respicienda,
718 1413 743 1438 ex
759 1413 841 1450 praece·

77 1452 165 1490 dentibus
180 1453 254 1491 abunde
269 1457 332 1502 patet.
880 1454 882 1461 ’

396 1601 397 1604 ,
423 1567 442 1617 ι.
461 1563 496 1607 ιι.

125 1638 158 1676 VII.
171 1639 264 1676 Discrimina
276 1648 320 1670 urere
330 1638 438 1670 rationalem
434 1644 475 1670 mter
486 1644 502 1670 et
513 1636 607 1670 catholicam
617 1638 764 1680 interpretationem
771 1638 790 1679 ¹.)

132 1729 196 1767 Licet
214 1727 342 1767 catholicus
361 1739 434 1776 aeque
452 1739 481 1766 ac
501 1739 563 1766 ruere
584 1707 705 1766 rationalis
726 1727 840 1777 interpres

80 1782 196 1821 communi
209 1781 375 1830 interpretandi
392 1780 504 1833 principio
523 1782 556 1818 ut
550 1782 613 1818 rtur
632 1776 704 1828 multa
723 1782 800 1819 tamen
819 1783 841 1819 et

77 1845 164 1896 magna
184 1834 244 1872 inter
262 1833 383 1883 utriusque
393 1828 613 1897 interpretationem
631 1832 775 1871 intercedunt
794 1833 883 1871 dis·

78 1887 183 1932 crimina,
198 1890 217 1922 et
231 1886 306 1933 quidem
874 1886 883 1929 ζ’,

133 1939 153 1976 l.
172 1937 270 1975 Ratione
285 1936 379 1974 criticae
393 1947 426 1975 ss.
440 1936 562 1986 librorum:
582 1937 698 1985 luterpres
713 1936 841 1976 catholicus
874 1929 883 1986 *j

75 1990 126 2037 jain
141 1992 195 2027 aute
202 1989 421 2036 inter-pretationem
435 1981 540 2048 coeptant
554 1988 689 2036 plebescit,
704 1998 737 2025 ss
751 1988 841 2026 litteras

19 2074 21 2076 ,
79 2043 108 2078 ab
123 2040 257 2078 auctoribus
277 2039 411 2077 divinitus'
405 2039 486 2088 ruspir«
479 2040 535 2085 atis,
554 2039 652 2085 ideoque
671 2014 715 2075 tt’de
734 2038 841 2086 diguissi-

79 2092 123 2131 ntis
138 2091 288 2138 deseminare,
303 2093 326 2129 et
340 2091 468 2129 doctrinam
479 2090 609 2138 ,revelatam
623 2089 790 2138 historiamque
804 2101 842 2129 sa·

79 2156 144 2183 crant
158 2144 286 2192 continere,
303 2143 348 2181 hinc
359 2144 401 2192 jam¹
414 2156 424 2181 a
438 2144 498 2192 priori
516 2142 594 2179 firmiter
612 2146 676 2189 tenet,
695 2154 716 2180 s:
726 2143 847 2192 Scriptnram

6 2193 20 2244 '⁸
78 2201 105 2246 a),
116 2196 162 2235 nihil
177 2195 278 2244 complecti
291 2207 361 2244 posse,
381 2196 432 2244 quod
447 2195 544 2233 doctrinae
559 2195 654 2232 ecclesiae
669 2195 775 2233 catholicae
790 2200 842 2234 esset

79 2252 190 2296 adversum,
208 2261 251 2287 uam
269 2250 317 2287 haec
331 2249 427 2288 ecclesiae
441 2271 466 2276 —
481 2247 583 2286 infallibilis
599 2252 628 2287 est
640 2248 687 2288 Jesu
702 2253 721 2287 et
733 2250 843 2299 Apostolo-
873 2256 883 2283 ¹2

78 2318 120 2345 rum
136 2304 228 2351 doctriua,
243 2316 277 2353 per
291 2304 420 2355 magisterium
434 2302 642 2352 Petro-apostolicum,
658 2303 738 2352 Spiritus
753 2315 768 2342 s.
784 2315 843 2353 prae-

78 2362 127 2400 sidio
142 2357 241 2410 gaudeus,
262 2336 375 2395 censebam
395 2368 417 2394 ac
431 2358 539 2406 proposita,
560 2358 614 2407 cujus
629 2357 705 2394 nonnisi
720 2362 803 2405 partem,
823 2362 843 2395 et

79 2413 153 2462 quidem
168 2410 232 2457 modo,
247 2411 318 2447 uostris
333 2411 399 2447 saltem
414 2411 530 2461 temporibus
544 2422 583 2447 nou
597 2421 674 2458 semper
688 2414 718 2447 sat
732 2411 790 2455 claro,
806 2419 843 2448 ex

79 2467 130 2503 hibet
149 2478 164 2503 s.
184 2464 293 2511 Scriptura3
312 2463 334 2508 b)
348 2474 387 2499 non
406 2464 504 2501 continere
522 2465 604 2513 pugnam
623 2473 670 2499 tere
689 2460 745 2500 talent
764 2465 804 2501 sire
823 2464 843 2500 iu

30 2554 32 2559 ,
79 2518 187 2563 historicis,
206 2516 246 2552 site
265 2516 284 2552 iu
303 2514 416 2564 dogmaticis
431 2514 521 2564 partibus.
536 2538 561 2542 -
580 2516 696 2562 interpres
710 2526 765 2576 tero
780 2526 842 2553 mere
872 2560 883 2574 .

199 2587 201 2590 .
547 2591 550 2596 ¹
872 2576 878 2590 ι

80 2625 270 2632 ..p——m-

101 2677 119 2716 l)
131 2675 164 2746 fliz
177 2677 239 2708 eir-c'ut's
252 2679 367 2710 Untcrsehicde
378 2680 460 2710 atrischen
477 2680 505 2710 der
520 2679 563 2710 hloss
579 2677 673 2709 rationcllon
690 2677 721 2708 und
733 2676 844 2707 katholisrhou

139 2721 258 2756 nterprctation.
873 2724 879 2729 Ἰ
