<?xml version="1.0" encoding="UTF-8"?>
<!DOCTYPE html PUBLIC "-//W3C//DTD XHTML 1.0 Transitional//EN"
    "http://www.w3.org/TR/xhtml1/DTD/xhtml1-transitional.dtd">
<html xmlns="http://www.w3.org/1999/xhtml" xml:lang="en" lang="en">
 <head>
  <title>
</title>
<meta http-equiv="Content-Type" content="text/html;charset=utf-8" />
  <meta name='ocr-system' content='tesseract 3.04.00' />
  <meta name='ocr-capabilities' content='ocr_page ocr_carea ocr_par ocr_line ocrx_word'/>
</head>
<body>
  <div class='ocr_page' id='page_1' title='image "./MN41624ucmf_7_0163.png"; bbox 0 0 1787 2921; ppageno 0'>
   <div class='ocr_carea' id='block_1_1' title="bbox 744 90 813 129">
    <p class='ocr_par' dir='ltr' id='par_1_1' title="bbox 744 90 813 129">
     <span class='ocr_line' id='line_1_1' title="bbox 744 90 813 129; baseline -0.014 0"><span class='ocrx_word' id='word_1_1' title='bbox 744 112 751 116; x_wconf 91' lang='lat'><em>-</em></span> <span class='ocrx_word' id='word_1_2' title='bbox 769 90 813 129; x_wconf 74' lang='lat'>129</span> 
     </span>
    </p>
   </div>
   <div class='ocr_carea' id='block_1_2' title="bbox 25 184 852 2334">
    <p class='ocr_par' dir='ltr' id='par_1_2' title="bbox 25 184 852 972">
     <span class='ocr_line' id='line_1_2' title="bbox 25 184 808 238; baseline 0.003 -13"><span class='ocrx_word' id='word_1_3' title='bbox 25 220 29 225; x_wconf 79' lang='grc'><strong>.</strong></span> <span class='ocrx_word' id='word_1_4' title='bbox 45 187 64 235; x_wconf 85' lang='grc'>5,</span> <span class='ocrx_word' id='word_1_5' title='bbox 78 184 97 225; x_wconf 77' lang='lat'>2.</span> <span class='ocrx_word' id='word_1_6' title='bbox 108 188 162 235; x_wconf 85' lang='lat' dir='ltr'>post</span> <span class='ocrx_word' id='word_1_7' title='bbox 180 185 275 237; x_wconf 84' lang='lat' dir='ltr'>descripta</span> <span class='ocrx_word' id='word_1_8' title='bbox 294 186 435 238; x_wconf 82' lang='lat' dir='ltr'>phaenomena,</span> <span class='ocrx_word' id='word_1_9' title='bbox 454 184 541 236; x_wconf 87' lang='lat' dir='ltr'>tempore</span> <span class='ocrx_word' id='word_1_10' title='bbox 559 187 686 238; x_wconf 78' lang='lat' dir='ltr'>legislationis</span> <span class='ocrx_word' id='word_1_11' title='bbox 705 187 724 225; x_wconf 90' lang='lat' dir='ltr'>in</span> <span class='ocrx_word' id='word_1_12' title='bbox 743 192 808 227; x_wconf 90' lang='lat' dir='ltr'>monte</span> 
     </span>
     <span class='ocr_line' id='line_1_3' title="bbox 45 240 809 293; baseline 0 -12"><span class='ocrx_word' id='word_1_13' title='bbox 45 240 98 281; x_wconf 89' lang='lat' dir='ltr'>Sinai</span> <span class='ocrx_word' id='word_1_14' title='bbox 112 240 225 290; x_wconf 87' lang='lat' dir='ltr'>conspicua,</span> <span class='ocrx_word' id='word_1_15' title='bbox 239 241 288 280; x_wconf 87' lang='lat' dir='ltr'>haee</span> <span class='ocrx_word' id='word_1_16' title='bbox 298 242 400 293; x_wconf 85' lang='lat' dir='ltr'>adjungit:</span> <span class='ocrx_word' id='word_1_17' title='bbox 419 240 495 291; x_wconf 81' lang='lat' dir='ltr'>,Atque</span> <span class='ocrx_word' id='word_1_18' title='bbox 513 241 561 279; x_wconf 88' lang='lat' dir='ltr'>haee</span> <span class='ocrx_word' id='word_1_19' title='bbox 581 242 656 290; x_wconf 90' lang='lat' dir='ltr'>quidem</span> <span class='ocrx_word' id='word_1_20' title='bbox 674 241 730 280; x_wconf 83' lang='lat' dir='ltr'>velim</span> <span class='ocrx_word' id='word_1_21' title='bbox 745 243 809 281; x_wconf 90' lang='lat' dir='ltr'>lecto-</span> 
     </span>
     <span class='ocr_line' id='line_1_4' title="bbox 44 294 809 345; baseline 0.003 -13"><span class='ocrx_word' id='word_1_22' title='bbox 44 294 196 342; x_wconf 82' lang='lat' dir='ltr'>resaccipiant,</span> <span class='ocrx_word' id='word_1_23' title='bbox 215 301 272 345; x_wconf 92' lang='lat' dir='ltr'>prout</span> <span class='ocrx_word' id='word_1_24' title='bbox 286 298 355 344; x_wconf 88' lang='lat' dir='ltr'>cuique</span> <span class='ocrx_word' id='word_1_25' title='bbox 369 295 457 341; x_wconf 73' lang='lat' dir='ltr'>libuerit,</span> <span class='ocrx_word' id='word_1_26' title='bbox 476 294 520 333; x_wconf 90' lang='lat' dir='ltr'>mihi</span> <span class='ocrx_word' id='word_1_27' title='bbox 534 307 581 334; x_wconf 84' lang='lat' dir='ltr'>vero</span> <span class='ocrx_word' id='word_1_28' title='bbox 601 306 682 333; x_wconf 87' lang='lat' dir='ltr'>neeesse</span> <span class='ocrx_word' id='word_1_29' title='bbox 697 301 726 333; x_wconf 88' lang='lat' dir='ltr'>est</span> <span class='ocrx_word' id='word_1_30' title='bbox 740 309 762 334; x_wconf 88' lang='lat' dir='ltr'>ea</span> <span class='ocrx_word' id='word_1_31' title='bbox 776 297 809 334; x_wconf 93' lang='lat' dir='ltr'>lit-</span> 
     </span>
     <span class='ocr_line' id='line_1_5' title="bbox 45 346 809 398; baseline 0.004 -14"><span class='ocrx_word' id='word_1_32' title='bbox 45 347 92 385; x_wconf 90' lang='lat' dir='ltr'>teris</span> <span class='ocrx_word' id='word_1_33' title='bbox 106 347 203 394; x_wconf 86' lang='lat' dir='ltr'>mandare,</span> <span class='ocrx_word' id='word_1_34' title='bbox 218 350 267 386; x_wconf 89' lang='lat' dir='ltr'>sient</span> <span class='ocrx_word' id='word_1_35' title='bbox 281 351 300 386; x_wconf 91' lang='lat' dir='ltr'>in</span> <span class='ocrx_word' id='word_1_36' title='bbox 315 348 375 386; x_wconf 75' lang='lat' dir='ltr'>saeris</span> <span class='ocrx_word' id='word_1_37' title='bbox 390 350 459 387; x_wconf 86' lang='lat' dir='ltr'>litteris</span> <span class='ocrx_word' id='word_1_38' title='bbox 475 346 583 398; x_wconf 88' lang='lat' dir='ltr'>conscripta</span> <span class='ocrx_word' id='word_1_39' title='bbox 594 349 710 395; x_wconf 69' lang='lat' dir='ltr'>lrabentnr·“</span> <span class='ocrx_word' id='word_1_40' title='bbox 725 350 749 386; x_wconf 92' lang='lat' dir='ltr'>dc</span> <span class='ocrx_word' id='word_1_41' title='bbox 758 351 809 387; x_wconf 87' lang='lat' dir='ltr'>bello</span> 
     </span>
     <span class='ocr_line' id='line_1_6' title="bbox 42 378 817 460; baseline 0.004 -24"><span class='ocrx_word' id='word_1_42' title='bbox 42 398 92 458; x_wconf 84' lang='lat' dir='ltr'>J&#39;uil.</span> <span class='ocrx_word' id='word_1_43' title='bbox 98 398 116 444; x_wconf 85' lang='lat'>6,</span> <span class='ocrx_word' id='word_1_44' title='bbox 131 399 150 445; x_wconf 89' lang='lat'>5,</span> <span class='ocrx_word' id='word_1_45' title='bbox 164 399 187 435; x_wconf 88' lang='lat'>4.</span> <span class='ocrx_word' id='word_1_46' title='bbox 202 402 322 460; x_wconf 82' lang='lat' dir='ltr'>praeeipuam</span> <span class='ocrx_word' id='word_1_47' title='bbox 341 412 417 438; x_wconf 90' lang='lat' dir='ltr'>eausam</span> <span class='ocrx_word' id='word_1_48' title='bbox 436 401 481 438; x_wconf 90' lang='lat' dir='ltr'>belli</span> <span class='ocrx_word' id='word_1_49' title='bbox 497 402 579 449; x_wconf 90' lang='lat' dir='ltr'>J&#39;udaici</span> <span class='ocrx_word' id='word_1_50' title='bbox 587 401 648 439; x_wconf 83' lang='lat' dir='ltr'>tuisse</span> <span class='ocrx_word' id='word_1_51' title='bbox 667 378 713 439; x_wconf 72' lang='lat' dir='ltr'>die&#39;it</span> <span class='ocrx_word' id='word_1_52' title='bbox 727 404 817 448; x_wconf 56' lang='lat' dir='ltr'>,vatici-⁴</span> 
     </span>
     <span class='ocr_line' id='line_1_7' title="bbox 44 450 809 505; baseline 0.007 -19"><span class='ocrx_word' id='word_1_53' title='bbox 44 451 97 487; x_wconf 87' lang='lat' dir='ltr'>nium</span> <span class='ocrx_word' id='word_1_54' title='bbox 115 450 247 499; x_wconf 88' lang='lat' dir='ltr'>ambiguum</span> <span class='ocrx_word' id='word_1_55' title='bbox 241 463 261 488; x_wconf 92' lang='lat' dir='ltr'>m</span> <span class='ocrx_word' id='word_1_56' title='bbox 279 463 306 490; x_wconf 92' lang='lat' dir='ltr'>ss</span> <span class='ocrx_word' id='word_1_57' title='bbox 321 452 393 489; x_wconf 85' lang='lat' dir='ltr'>litteris</span> <span class='ocrx_word' id='word_1_58' title='bbox 411 457 518 500; x_wconf 88' lang='lat' dir='ltr'>repertum,</span> <span class='ocrx_word' id='word_1_59' title='bbox 538 454 576 490; x_wconf 92' lang='lat' dir='ltr'>illis</span> <span class='ocrx_word' id='word_1_60' title='bbox 595 455 672 505; x_wconf 78' lang='lat' dir='ltr'>circiter</span> <span class='ocrx_word' id='word_1_61' title='bbox 693 456 809 502; x_wconf 88' lang='lat' dir='ltr'>temporibus</span> 
     </span>
     <span class='ocr_line' id='line_1_8' title="bbox 45 501 810 553; baseline 0.007 -16"><span class='ocrx_word' id='word_1_62' title='bbox 45 501 150 550; x_wconf 80' lang='lat' dir='ltr'><strong>quemdam</strong></span> <span class='ocrx_word' id='word_1_63' title='bbox 160 513 186 538; x_wconf 89' lang='lat' dir='ltr'>ex</span> <span class='ocrx_word' id='word_1_64' title='bbox 199 503 284 549; x_wconf 85' lang='lat' dir='ltr'>ipsorum</span> <span class='ocrx_word' id='word_1_65' title='bbox 298 504 379 552; x_wconf 76' lang='lat' dir='ltr'>regione</span> <span class='ocrx_word' id='word_1_66' title='bbox 394 505 446 541; x_wconf 89' lang='lat' dir='ltr'>orbis</span> <span class='ocrx_word' id='word_1_67' title='bbox 461 505 573 553; x_wconf 71' lang='lat' dir='ltr'>terrarum*</span> <span class='ocrx_word' id='word_1_68' title='bbox 568 506 647 552; x_wconf 84' lang='lat' dir='ltr'>imperio</span> <span class='ocrx_word' id='word_1_69' title='bbox 663 502 701 552; x_wconf 89' lang='lat' dir='ltr'>potr</span> <span class='ocrx_word' id='word_1_70' title='bbox 704 510 771 542; x_wconf 87' lang='lat' dir='ltr'>turum.</span> <span class='ocrx_word' id='word_1_71' title='bbox 788 506 810 542; x_wconf 92' lang='lat' dir='ltr'>ld</span> 
     </span>
     <span class='ocr_line' id='line_1_9' title="bbox 45 553 809 605; baseline 0.005 -15"><span class='ocrx_word' id='word_1_72' title='bbox 45 553 96 591; x_wconf 89' lang='lat' dir='ltr'>enim</span> <span class='ocrx_word' id='word_1_73' title='bbox 109 553 137 590; x_wconf 94' lang='lat' dir='ltr'>illi</span> <span class='ocrx_word' id='word_1_74' title='bbox 151 554 226 601; x_wconf 89' lang='lat' dir='ltr'>quidem</span> <span class='ocrx_word' id='word_1_75' title='bbox 241 556 295 602; x_wconf 87' lang='lat' dir='ltr'>quasi</span> <span class='ocrx_word' id='word_1_76' title='bbox 309 555 346 591; x_wconf 88' lang='lat' dir='ltr'>sibi</span> <span class='ocrx_word' id='word_1_77' title='bbox 360 557 456 601; x_wconf 89' lang='lat' dir='ltr'>proprium</span> <span class='ocrx_word' id='word_1_78' title='bbox 470 561 598 603; x_wconf 90' lang='lat' dir='ltr'>acceperunt,</span> <span class='ocrx_word' id='word_1_79' title='bbox 618 558 709 604; x_wconf 89' lang='lat' dir='ltr'>multique</span> <span class='ocrx_word' id='word_1_80' title='bbox 729 559 809 605; x_wconf 88' lang='lat' dir='ltr'>sapien-</span> 
     </span>
     <span class='ocr_line' id='line_1_10' title="bbox 45 606 810 656; baseline 0.005 -14"><span class='ocrx_word' id='word_1_81' title='bbox 45 608 76 643; x_wconf 90' lang='lat' dir='ltr'>tes</span> <span class='ocrx_word' id='word_1_82' title='bbox 89 606 339 656; x_wconf 21' lang='lat' dir='ltr'>interpretationeffdecepti</span> <span class='ocrx_word' id='word_1_83' title='bbox 358 610 407 643; x_wconf 90' lang='lat' dir='ltr'>sunt.</span> <span class='ocrx_word' id='word_1_84' title='bbox 429 607 551 656; x_wconf 77' lang='lat' dir='ltr'>significabat</span> <span class='ocrx_word' id='word_1_85' title='bbox 566 618 635 655; x_wconf 84' lang='lat' dir='ltr'><strong>nempe</strong></span> <span class='ocrx_word' id='word_1_86' title='bbox 654 609 751 646; x_wconf 86' lang='lat' dir='ltr'>oraculum</span> <span class='ocrx_word' id='word_1_87' title='bbox 768 609 810 646; x_wconf 89' lang='lat' dir='ltr'>Ve-</span> 
     </span>
     <span class='ocr_line' id='line_1_11' title="bbox 46 657 811 749; baseline 0.003 -54"><span class='ocrx_word' id='word_1_88' title='bbox 46 657 131 707; x_wconf 88' lang='lat' dir='ltr'>spasiani</span> <span class='ocrx_word' id='word_1_89' title='bbox 145 658 277 707; x_wconf 87' lang='lat' dir='ltr'>principatum,</span> <span class='ocrx_word' id='word_1_90' title='bbox 290 659 357 749; x_wconf 84' lang='lat' dir='ltr'>quiin</span> <span class='ocrx_word' id='word_1_91' title='bbox 372 657 444 696; x_wconf 90' lang='lat' dir='ltr'>Judaea</span> <span class='ocrx_word' id='word_1_92' title='bbox 459 659 567 696; x_wconf 88' lang='lat' dir='ltr'>declaratus</span> <span class='ocrx_word' id='word_1_93' title='bbox 583 661 745 708; x_wconf 73' lang='lat' dir='ltr'>estimperator:“</span> <span class='ocrx_word' id='word_1_94' title='bbox 761 658 811 699; x_wconf 82' lang='lat' dir='ltr'>oon-</span> 
     </span>
     <span class='ocr_line' id='line_1_12' title="bbox 46 709 852 761; baseline 0.002 -12"><span class='ocrx_word' id='word_1_95' title='bbox 46 713 76 749; x_wconf 85' lang='lat' dir='ltr'>tra</span> <span class='ocrx_word' id='word_1_96' title='bbox 88 709 196 761; x_wconf 81' lang='lat' dir='ltr'>Appronem</span> <span class='ocrx_word' id='word_1_97' title='bbox 214 712 226 750; x_wconf 93' lang='lat' dir='ltr'>l.</span> <span class='ocrx_word' id='word_1_98' title='bbox 240 711 262 750; x_wconf 92' lang='lat' dir='ltr'>ll.</span> <span class='ocrx_word' id='word_1_99' title='bbox 278 712 312 760; x_wconf 88' lang='lat' dir='ltr'>ait,</span> <span class='ocrx_word' id='word_1_100' title='bbox 333 711 460 761; x_wconf 74' lang='lat' dir='ltr'>sapientiores</span> <span class='ocrx_word' id='word_1_101' title='bbox 480 711 595 750; x_wconf 88' lang='lat' dir='ltr'>Graecorum</span> <span class='ocrx_word' id='word_1_102' title='bbox 614 713 682 750; x_wconf 90' lang='lat' dir='ltr'>eodem</span> <span class='ocrx_word' id='word_1_103' title='bbox 700 713 768 760; x_wconf 91' lang='lat' dir='ltr'>modo,</span> <span class='ocrx_word' id='word_1_104' title='bbox 788 725 810 752; x_wconf 87' lang='lat' dir='ltr'>ae</span> <span class='ocrx_word' id='word_1_105' title='bbox 849 757 852 760; x_wconf 28' lang='lat'><strong><em>¹</em></strong></span> 
     </span>
     <span class='ocr_line' id='line_1_13' title="bbox 46 764 810 816; baseline 0.003 -14"><span class='ocrx_word' id='word_1_106' title='bbox 46 764 133 815; x_wconf 73' lang='lat' dir='ltr'>Moysem</span> <span class='ocrx_word' id='word_1_107' title='bbox 142 765 170 803; x_wconf 91' lang='lat' dir='ltr'>de</span> <span class='ocrx_word' id='word_1_108' title='bbox 184 765 226 804; x_wconf 85' lang='lat' dir='ltr'>Deo</span> <span class='ocrx_word' id='word_1_109' title='bbox 241 767 346 816; x_wconf 82' lang='lat' dir='ltr'>cogitasse.</span> <span class='ocrx_word' id='word_1_110' title='bbox 361 787 387 794; x_wconf 89' lang='lat'>-</span> <span class='ocrx_word' id='word_1_111' title='bbox 407 765 473 814; x_wconf 82' lang='lat' dir='ltr'>QnisJ&#39;</span> <span class='ocrx_word' id='word_1_112' title='bbox 476 777 504 803; x_wconf 90' lang='lat' dir='ltr'>arn</span> <span class='ocrx_word' id='word_1_113' title='bbox 518 765 577 813; x_wconf 88' lang='lat' dir='ltr'>baec,</span> <span class='ocrx_word' id='word_1_114' title='bbox 592 777 641 814; x_wconf 87' lang='lat' dir='ltr'>qnae</span> <span class='ocrx_word' id='word_1_115' title='bbox 655 766 810 805; x_wconf 89' lang='lat' dir='ltr'>luculentissimis</span> 
     </span>
     <span class='ocr_line' id='line_1_14' title="bbox 46 817 811 867; baseline 0.003 -12"><span class='ocrx_word' id='word_1_116' title='bbox 46 817 122 856; x_wconf 89' lang='lat' dir='ltr'>tumV</span> <span class='ocrx_word' id='word_1_117' title='bbox 136 819 211 856; x_wconf 90' lang='lat' dir='ltr'>tumN.</span> <span class='ocrx_word' id='word_1_118' title='bbox 226 819 246 856; x_wconf 89' lang='grc' dir='ltr'>Τ.</span> <span class='ocrx_word' id='word_1_119' title='bbox 258 820 374 857; x_wconf 75' lang='lat' dir='ltr'>testimoniis</span> <span class='ocrx_word' id='word_1_120' title='bbox 390 820 485 857; x_wconf 88' lang='lat' dir='ltr'>contraria</span> <span class='ocrx_word' id='word_1_121' title='bbox 500 824 549 865; x_wconf 87' lang='lat' dir='ltr'>sunt,</span> <span class='ocrx_word' id='word_1_122' title='bbox 563 831 610 856; x_wconf 88' lang='lat' dir='ltr'>vere</span> <span class='ocrx_word' id='word_1_123' title='bbox 623 819 700 867; x_wconf 86' lang='lat' dir='ltr'>J&#39;ndaica</span> <span class='ocrx_word' id='word_1_124' title='bbox 714 831 759 857; x_wconf 92' lang='lat' dir='ltr'>esse</span> <span class='ocrx_word' id='word_1_125' title='bbox 775 820 811 857; x_wconf 89' lang='lat' dir='ltr'>sibi</span> 
     </span>
     <span class='ocr_line' id='line_1_15' title="bbox 47 871 813 921; baseline 0.003 -14"><span class='ocrx_word' id='word_1_126' title='bbox 47 871 179 919; x_wconf 83' lang='lat' dir='ltr'>persuadeat?</span> <span class='ocrx_word' id='word_1_127' title='bbox 200 871 249 914; x_wconf 82' lang='lat' dir='ltr'>Quis</span> <span class='ocrx_word' id='word_1_128' title='bbox 261 871 336 916; x_wconf 89' lang='lat' dir='ltr'>credat,</span> <span class='ocrx_word' id='word_1_129' title='bbox 355 871 464 909; x_wconf 78' lang='lat' dir='ltr'>iudaeos</span> <span class='ocrx_word' id='word_1_130' title='bbox 459 883 485 908; x_wconf 91' lang='lat' dir='ltr'>m</span> <span class='ocrx_word' id='word_1_131' title='bbox 492 883 565 921; x_wconf 79' lang='lat' dir='ltr'>genere</span> <span class='ocrx_word' id='word_1_132' title='bbox 584 872 680 909; x_wconf 88' lang='lat' dir='ltr'>derebus</span> <span class='ocrx_word' id='word_1_133' title='bbox 695 883 813 909; x_wconf 89' lang='lat' dir='ltr'>commemo-</span> 
     </span>
     <span class='ocr_line' id='line_1_16' title="bbox 47 922 735 972; baseline 0.003 -14"><span class='ocrx_word' id='word_1_134' title='bbox 47 922 94 959; x_wconf 88' lang='lat' dir='ltr'>ratis</span> <span class='ocrx_word' id='word_1_135' title='bbox 109 923 135 959; x_wconf 87' lang='lat' dir='ltr'>ita</span> <span class='ocrx_word' id='word_1_136' title='bbox 150 924 255 972; x_wconf 82' lang='lat' dir='ltr'>cogitasse,</span> <span class='ocrx_word' id='word_1_137' title='bbox 270 925 297 960; x_wconf 89' lang='grc' dir='ltr'>ιιιι</span> <span class='ocrx_word' id='word_1_138' title='bbox 310 923 397 960; x_wconf 85' lang='lat' dir='ltr'>Flavium</span> <span class='ocrx_word' id='word_1_139' title='bbox 408 925 495 962; x_wconf 90' lang='lat' dir='ltr'>sensisse</span> <span class='ocrx_word' id='word_1_140' title='bbox 509 924 552 960; x_wconf 86' lang='lat' dir='ltr'>loca</span> <span class='ocrx_word' id='word_1_141' title='bbox 568 925 624 960; x_wconf 88' lang='lat' dir='ltr'>citata</span> <span class='ocrx_word' id='word_1_142' title='bbox 638 925 735 972; x_wconf 84' lang='lat' dir='ltr'>probant?</span> 
     </span>
    </p>

    <p class='ocr_par' dir='ltr' id='par_1_3' title="bbox 47 974 813 1231">
     <span class='ocr_line' id='line_1_17' title="bbox 101 974 812 1021; baseline 0.001 -10"><span class='ocrx_word' id='word_1_143' title='bbox 101 974 265 1021; x_wconf 74' lang='lat' dir='ltr'>Quodattinet</span> <span class='ocrx_word' id='word_1_144' title='bbox 277 975 407 1020; x_wconf 85' lang='lat' dir='ltr'>Philonem,</span> <span class='ocrx_word' id='word_1_145' title='bbox 422 975 520 1012; x_wconf 85' lang='lat' dir='ltr'>hicnon</span> <span class='ocrx_word' id='word_1_146' title='bbox 534 976 603 1012; x_wconf 81' lang='lat' dir='ltr'>inodo</span> <span class='ocrx_word' id='word_1_147' title='bbox 618 986 670 1012; x_wconf 90' lang='lat' dir='ltr'>cum</span> <span class='ocrx_word' id='word_1_148' title='bbox 679 975 812 1013; x_wconf 84' lang='lat' dir='ltr'>Alexandri·</span> 
     </span>
     <span class='ocr_line' id='line_1_18' title="bbox 48 1023 812 1075; baseline 0.005 -15"><span class='ocrx_word' id='word_1_149' title='bbox 48 1023 85 1061; x_wconf 83' lang='lat' dir='ltr'>nis</span> <span class='ocrx_word' id='word_1_150' title='bbox 105 1028 187 1063; x_wconf 82' lang='lat' dir='ltr'>eorrtra</span> <span class='ocrx_word' id='word_1_151' title='bbox 205 1026 396 1064; x_wconf 87' lang='lat' dir='ltr'>Palaestinenses</span> <span class='ocrx_word' id='word_1_152' title='bbox 414 1026 438 1063; x_wconf 91' lang='lat' dir='ltr'>in</span> <span class='ocrx_word' id='word_1_153' title='bbox 455 1027 595 1074; x_wconf 75' lang='lat' dir='ltr'>allegoricae</span> <span class='ocrx_word' id='word_1_154' title='bbox 614 1026 812 1075; x_wconf 79' lang='lat' dir='ltr'>interpretationis</span> 
     </span>
     <span class='ocr_line' id='line_1_19' title="bbox 48 1076 812 1126; baseline 0.005 -14"><span class='ocrx_word' id='word_1_155' title='bbox 48 1076 126 1124; x_wconf 79' lang='lat' dir='ltr'>studio</span> <span class='ocrx_word' id='word_1_156' title='bbox 141 1077 270 1125; x_wconf 84' lang='lat' dir='ltr'>eonsensit3</span> <span class='ocrx_word' id='word_1_157' title='bbox 290 1078 332 1115; x_wconf 90' lang='lat' dir='ltr'>sed</span> <span class='ocrx_word' id='word_1_158' title='bbox 348 1077 418 1115; x_wconf 86' lang='lat' dir='ltr'>etiarn</span> <span class='ocrx_word' id='word_1_159' title='bbox 435 1078 465 1114; x_wconf 86' lang='lat' dir='ltr'>ab</span> <span class='ocrx_word' id='word_1_160' title='bbox 480 1078 516 1115; x_wconf 80' lang='lat' dir='ltr'>lais</span> <span class='ocrx_word' id='word_1_161' title='bbox 534 1077 592 1126; x_wconf 88' lang='lat' dir='ltr'>ipsis</span> <span class='ocrx_word' id='word_1_162' title='bbox 606 1079 630 1115; x_wconf 93' lang='lat' dir='ltr'>in</span> <span class='ocrx_word' id='word_1_163' title='bbox 645 1078 750 1126; x_wconf 90' lang='lat' dir='ltr'>pluribus</span> <span class='ocrx_word' id='word_1_164' title='bbox 764 1089 812 1116; x_wconf 84' lang='lat' dir='ltr'>nra-</span> 
     </span>
     <span class='ocr_line' id='line_1_20' title="bbox 47 1128 813 1179; baseline 0.003 -14"><span class='ocrx_word' id='word_1_165' title='bbox 47 1128 253 1178; x_wconf 64' lang='lat' dir='ltr'>teriis‘discessit3</span> <span class='ocrx_word' id='word_1_166' title='bbox 272 1130 397 1176; x_wconf 80' lang='lat' dir='ltr'>Alexandrini</span> <span class='ocrx_word' id='word_1_167' title='bbox 416 1131 466 1166; x_wconf 89' lang='lat' dir='ltr'>enim</span> <span class='ocrx_word' id='word_1_168' title='bbox 484 1140 523 1166; x_wconf 90' lang='lat' dir='ltr'>non</span> <span class='ocrx_word' id='word_1_169' title='bbox 542 1130 651 1177; x_wconf 88' lang='lat' dir='ltr'>promiscue</span> <span class='ocrx_word' id='word_1_170' title='bbox 666 1141 748 1179; x_wconf 80' lang='lat' dir='ltr'>negasse</span> <span class='ocrx_word' id='word_1_171' title='bbox 763 1131 813 1167; x_wconf 89' lang='lat' dir='ltr'>dae-</span> 
     </span>
     <span class='ocr_line' id='line_1_21' title="bbox 48 1182 812 1231; baseline 0 -13"><span class='ocrx_word' id='word_1_172' title='bbox 48 1182 260 1227; x_wconf 84' lang='lat' dir='ltr'>monumexistentiam</span> <span class='ocrx_word' id='word_1_173' title='bbox 275 1186 410 1231; x_wconf 88' lang='lat' dir='ltr'>etcorporum</span> <span class='ocrx_word' id='word_1_174' title='bbox 429 1183 602 1228; x_wconf 86' lang='lat' dir='ltr'>resurrectionem,</span> <span class='ocrx_word' id='word_1_175' title='bbox 621 1193 683 1230; x_wconf 89' lang='lat' dir='ltr'>neque</span> <span class='ocrx_word' id='word_1_176' title='bbox 703 1183 750 1220; x_wconf 87' lang='lat' dir='ltr'>adeo</span> <span class='ocrx_word' id='word_1_177' title='bbox 765 1194 812 1231; x_wconf 89' lang='lat' dir='ltr'>pure</span> 
     </span>
    </p>

    <p class='ocr_par' dir='ltr' id='par_1_4' title="bbox 28 1233 812 1387">
     <span class='ocr_line' id='line_1_22' title="bbox 28 1233 812 1284; baseline 0.003 -13"><span class='ocrx_word' id='word_1_178' title='bbox 28 1248 30 1252; x_wconf 63' lang='grc'>’</span> <span class='ocrx_word' id='word_1_179' title='bbox 48 1233 139 1272; x_wconf 82' lang='lat' dir='ltr'>moralem</span> <span class='ocrx_word' id='word_1_180' title='bbox 155 1235 179 1272; x_wconf 90' lang='lat' dir='ltr'>de</span> <span class='ocrx_word' id='word_1_181' title='bbox 192 1235 263 1273; x_wconf 87' lang='lat' dir='ltr'>blessia</span> <span class='ocrx_word' id='word_1_182' title='bbox 278 1236 363 1273; x_wconf 91' lang='lat' dir='ltr'>tenuisse</span> <span class='ocrx_word' id='word_1_183' title='bbox 377 1236 486 1284; x_wconf 85' lang='lat' dir='ltr'>notionem,</span> <span class='ocrx_word' id='word_1_184' title='bbox 506 1235 580 1284; x_wconf 90' lang='lat' dir='ltr'>qualem</span> <span class='ocrx_word' id='word_1_185' title='bbox 594 1235 646 1273; x_wconf 88' lang='lat' dir='ltr'>Philo</span> <span class='ocrx_word' id='word_1_186' title='bbox 661 1234 749 1283; x_wconf 85' lang='lat' dir='ltr'>fovebat,</span> <span class='ocrx_word' id='word_1_187' title='bbox 766 1236 812 1273; x_wconf 87' lang='lat' dir='ltr'>satis</span> 
     </span>
     <span class='ocr_line' id='line_1_23' title="bbox 49 1288 812 1338; baseline 0.001 -13"><span class='ocrx_word' id='word_1_188' title='bbox 49 1291 102 1337; x_wconf 89' lang='lat' dir='ltr'>patet</span> <span class='ocrx_word' id='word_1_189' title='bbox 116 1301 126 1326; x_wconf 90' lang='lat' dir='ltr'>e</span> <span class='ocrx_word' id='word_1_190' title='bbox 140 1288 193 1334; x_wconf 88' lang='lat' dir='ltr'>libris</span> <span class='ocrx_word' id='word_1_191' title='bbox 212 1288 392 1327; x_wconf 87' lang='lat' dir='ltr'>deuterocanonicis</span> <span class='ocrx_word' id='word_1_192' title='bbox 409 1288 431 1326; x_wconf 87' lang='lat' dir='ltr'>V.</span> <span class='ocrx_word' id='word_1_193' title='bbox 445 1289 466 1326; x_wconf 84' lang='lat' dir='ltr'>F.</span> <span class='ocrx_word' id='word_1_194' title='bbox 479 1289 585 1326; x_wconf 82' lang='lat' dir='ltr'>maximam</span> <span class='ocrx_word' id='word_1_195' title='bbox 599 1293 670 1337; x_wconf 88' lang='lat' dir='ltr'>partem</span> <span class='ocrx_word' id='word_1_196' title='bbox 688 1290 708 1327; x_wconf 92' lang='lat' dir='ltr'>in</span> <span class='ocrx_word' id='word_1_197' title='bbox 724 1288 812 1338; x_wconf 80' lang='lat' dir='ltr'>Aegypto</span> 
     </span>
     <span class='ocr_line' id='line_1_24' title="bbox 49 1340 186 1387; baseline -0.022 -9"><span class='ocrx_word' id='word_1_198' title='bbox 49 1340 142 1379; x_wconf 89' lang='lat' dir='ltr'>conlectis</span> <span class='ocrx_word' id='word_1_199' title='bbox 149 1342 172 1387; x_wconf 85' lang='lat'>¹).</span> <span class='ocrx_word' id='word_1_200' title='bbox 184 1373 186 1375; x_wconf 87' lang='lat'>.</span> 
     </span>
    </p>

    <p class='ocr_par' dir='ltr' id='par_1_5' title="bbox 48 1393 814 1862">
     <span class='ocr_line' id='line_1_25' title="bbox 102 1393 813 1442; baseline 0 -11"><span class='ocrx_word' id='word_1_201' title='bbox 102 1393 135 1431; x_wconf 82' lang='lat' dir='ltr'>Ex</span> <span class='ocrx_word' id='word_1_202' title='bbox 153 1393 222 1432; x_wconf 87' lang='lat' dir='ltr'>dictis</span> <span class='ocrx_word' id='word_1_203' title='bbox 240 1393 356 1442; x_wconf 89' lang='lat' dir='ltr'>sequitur,</span> <span class='ocrx_word' id='word_1_204' title='bbox 377 1404 420 1432; x_wconf 90' lang='lat' dir='ltr'>nee</span> <span class='ocrx_word' id='word_1_205' title='bbox 438 1393 578 1442; x_wconf 81' lang='lat' dir='ltr'>doseplrum,</span> <span class='ocrx_word' id='word_1_206' title='bbox 599 1404 674 1442; x_wconf 87' lang='lat' dir='ltr'>neque</span> <span class='ocrx_word' id='word_1_207' title='bbox 691 1393 813 1432; x_wconf 87' lang='lat' dir='ltr'>Philonem</span> 
     </span>
     <span class='ocr_line' id='line_1_26' title="bbox 49 1445 813 1495; baseline -0.004 -10"><span class='ocrx_word' id='word_1_208' title='bbox 49 1457 142 1495; x_wconf 88' lang='lat' dir='ltr'>semper</span> <span class='ocrx_word' id='word_1_209' title='bbox 156 1447 178 1483; x_wconf 88' lang='lat' dir='ltr'>et</span> <span class='ocrx_word' id='word_1_210' title='bbox 192 1446 277 1493; x_wconf 88' lang='lat' dir='ltr'>ubique</span> <span class='ocrx_word' id='word_1_211' title='bbox 292 1456 344 1483; x_wconf 88' lang='lat' dir='ltr'>esse</span> <span class='ocrx_word' id='word_1_212' title='bbox 359 1445 510 1491; x_wconf 83' lang='lat' dir='ltr'>audiendum3</span> <span class='ocrx_word' id='word_1_213' title='bbox 524 1446 575 1482; x_wconf 91' lang='lat' dir='ltr'>illum</span> <span class='ocrx_word' id='word_1_214' title='bbox 586 1457 630 1492; x_wconf 78' lang='lat' dir='ltr'>nora,</span> <span class='ocrx_word' id='word_1_215' title='bbox 645 1447 677 1482; x_wconf 88' lang='lat' dir='ltr'>nbi</span> <span class='ocrx_word' id='word_1_216' title='bbox 691 1451 756 1483; x_wconf 85' lang='lat' dir='ltr'>sectae</span> <span class='ocrx_word' id='word_1_217' title='bbox 766 1457 813 1482; x_wconf 87' lang='lat' dir='ltr'>snae</span> 
     </span>
     <span class='ocr_line' id='line_1_27' title="bbox 48 1497 812 1545; baseline -0.004 -9"><span class='ocrx_word' id='word_1_218' title='bbox 48 1504 82 1536; x_wconf 89' lang='lat' dir='ltr'>aut</span> <span class='ocrx_word' id='word_1_219' title='bbox 96 1498 278 1535; x_wconf 83' lang='lat' dir='ltr'>accommodationis</span> <span class='ocrx_word' id='word_1_220' title='bbox 293 1497 375 1534; x_wconf 90' lang='lat' dir='ltr'>studium</span> <span class='ocrx_word' id='word_1_221' title='bbox 393 1509 436 1534; x_wconf 89' lang='lat' dir='ltr'>eum</span> <span class='ocrx_word' id='word_1_222' title='bbox 454 1497 581 1533; x_wconf 85' lang='lat' dir='ltr'>determinare</span> <span class='ocrx_word' id='word_1_223' title='bbox 599 1502 684 1545; x_wconf 80' lang='lat' dir='ltr'>poterat3</span> <span class='ocrx_word' id='word_1_224' title='bbox 702 1498 753 1534; x_wconf 80' lang='lat' dir='ltr'>hrrnc</span> <span class='ocrx_word' id='word_1_225' title='bbox 766 1509 812 1543; x_wconf 90' lang='lat' dir='ltr'>non,</span> 
     </span>
     <span class='ocr_line' id='line_1_28' title="bbox 49 1547 814 1597; baseline -0.004 -10"><span class='ocrx_word' id='word_1_226' title='bbox 49 1551 83 1587; x_wconf 91' lang='lat' dir='ltr'>ubi</span> <span class='ocrx_word' id='word_1_227' title='bbox 97 1560 143 1587; x_wconf 88' lang='lat' dir='ltr'>suas</span> <span class='ocrx_word' id='word_1_228' title='bbox 157 1547 265 1597; x_wconf 86' lang='lat' dir='ltr'>peculiares</span> <span class='ocrx_word' id='word_1_229' title='bbox 280 1550 367 1597; x_wconf 91' lang='lat' dir='ltr'>seqnitur</span> <span class='ocrx_word' id='word_1_230' title='bbox 381 1550 497 1593; x_wconf 86' lang='lat' dir='ltr'>sententias,</span> <span class='ocrx_word' id='word_1_231' title='bbox 516 1548 567 1596; x_wconf 91' lang='lat' dir='ltr'>quod</span> <span class='ocrx_word' id='word_1_232' title='bbox 581 1553 681 1596; x_wconf 90' lang='lat' dir='ltr'>utrumqne</span> <span class='ocrx_word' id='word_1_233' title='bbox 695 1550 814 1596; x_wconf 89' lang='lat' dir='ltr'>potissimum</span> 
     </span>
     <span class='ocr_line' id='line_1_29' title="bbox 50 1600 814 1648; baseline -0.004 -10"><span class='ocrx_word' id='word_1_234' title='bbox 50 1613 76 1639; x_wconf 85' lang='lat' dir='ltr'>ex</span> <span class='ocrx_word' id='word_1_235' title='bbox 89 1602 211 1639; x_wconf 85' lang='lat' dir='ltr'>dissensione</span> <span class='ocrx_word' id='word_1_236' title='bbox 226 1612 236 1637; x_wconf 89' lang='lat' dir='ltr'>a</span> <span class='ocrx_word' id='word_1_237' title='bbox 249 1600 328 1648; x_wconf 92' lang='lat' dir='ltr'>reliquis</span> <span class='ocrx_word' id='word_1_238' title='bbox 343 1600 436 1646; x_wconf 84' lang='lat' dir='ltr'>tontibus,</span> <span class='ocrx_word' id='word_1_239' title='bbox 453 1605 588 1647; x_wconf 81' lang='lat' dir='ltr'>nonnunquam</span> <span class='ocrx_word' id='word_1_240' title='bbox 604 1611 651 1637; x_wconf 86' lang='lat' dir='ltr'>vero</span> <span class='ocrx_word' id='word_1_241' title='bbox 667 1612 692 1637; x_wconf 89' lang='lat' dir='ltr'>ex</span> <span class='ocrx_word' id='word_1_242' title='bbox 704 1601 733 1636; x_wconf 89' lang='lat' dir='ltr'>rei</span> <span class='ocrx_word' id='word_1_243' title='bbox 747 1604 814 1636; x_wconf 87' lang='lat' dir='ltr'>natura</span> 
     </span>
     <span class='ocr_line' id='line_1_30' title="bbox 50 1628 814 1701; baseline -0.005 -10"><span class='ocrx_word' id='word_1_244' title='bbox 50 1658 83 1691; x_wconf 90' lang='lat' dir='ltr'>ant</span> <span class='ocrx_word' id='word_1_245' title='bbox 101 1653 157 1701; x_wconf 90' lang='lat' dir='ltr'>plane</span> <span class='ocrx_word' id='word_1_246' title='bbox 176 1664 187 1691; x_wconf 89' lang='lat' dir='ltr'>e</span> <span class='ocrx_word' id='word_1_247' title='bbox 206 1651 283 1690; x_wconf 88' lang='lat' dir='ltr'>disertis</span> <span class='ocrx_word' id='word_1_248' title='bbox 305 1628 465 1689; x_wconf 84' lang='lat' dir='ltr'>declarationibus</span> <span class='ocrx_word' id='word_1_249' title='bbox 485 1655 546 1700; x_wconf 89' lang='lat' dir='ltr'>patet,</span> <span class='ocrx_word' id='word_1_250' title='bbox 565 1652 593 1688; x_wconf 89' lang='lat' dir='ltr'>nti</span> <span class='ocrx_word' id='word_1_251' title='bbox 610 1653 630 1689; x_wconf 91' lang='lat' dir='ltr'>in</span> <span class='ocrx_word' id='word_1_252' title='bbox 647 1653 739 1700; x_wconf 88' lang='lat' dir='ltr'>exemplis</span> <span class='ocrx_word' id='word_1_253' title='bbox 755 1663 765 1688; x_wconf 90' lang='lat' dir='ltr'>e</span> <span class='ocrx_word' id='word_1_254' title='bbox 779 1652 814 1688; x_wconf 92' lang='lat' dir='ltr'>Jo-</span> 
     </span>
     <span class='ocr_line' id='line_1_31' title="bbox 50 1704 815 1767; baseline -0.005 -23"><span class='ocrx_word' id='word_1_255' title='bbox 50 1707 112 1767; x_wconf 84' lang='lat' dir='ltr'>sepqu</span> <span class='ocrx_word' id='word_1_256' title='bbox 126 1706 195 1759; x_wconf 82' lang='lat' dir='ltr'>citatis</span> <span class='ocrx_word' id='word_1_257' title='bbox 219 1706 239 1742; x_wconf 93' lang='lat' dir='ltr'>ln</span> <span class='ocrx_word' id='word_1_258' title='bbox 254 1705 324 1742; x_wconf 90' lang='lat' dir='ltr'>ceteris</span> <span class='ocrx_word' id='word_1_259' title='bbox 338 1709 401 1742; x_wconf 89' lang='lat' dir='ltr'>antem</span> <span class='ocrx_word' id='word_1_260' title='bbox 416 1704 500 1751; x_wconf 88' lang='lat' dir='ltr'>rebus,</span> <span class='ocrx_word' id='word_1_261' title='bbox 496 1704 581 1752; x_wconf 83' lang='lat' dir='ltr'>inprimis</span> <span class='ocrx_word' id='word_1_262' title='bbox 595 1705 627 1741; x_wconf 85' lang='lat' dir='ltr'>nbi</span> <span class='ocrx_word' id='word_1_263' title='bbox 642 1716 683 1741; x_wconf 86' lang='lat' dir='ltr'>cunr</span> <span class='ocrx_word' id='word_1_264' title='bbox 699 1706 740 1742; x_wconf 89' lang='lat' dir='ltr'>aliis</span> <span class='ocrx_word' id='word_1_265' title='bbox 754 1704 815 1741; x_wconf 86' lang='lat' dir='ltr'>fonti-</span> 
     </span>
     <span class='ocr_line' id='line_1_32' title="bbox 50 1753 814 1809; baseline -0.004 -11"><span class='ocrx_word' id='word_1_266' title='bbox 50 1760 112 1809; x_wconf 92' lang='lat' dir='ltr'>bus,&#39;</span> <span class='ocrx_word' id='word_1_267' title='bbox 107 1771 126 1797; x_wconf 92' lang='lat' dir='ltr'>m</span> <span class='ocrx_word' id='word_1_268' title='bbox 140 1753 207 1808; x_wconf 90' lang='lat' dir='ltr'>speeie</span> <span class='ocrx_word' id='word_1_269' title='bbox 222 1758 299 1797; x_wconf 89' lang='lat' dir='ltr'>ean</span> <span class='ocrx_word' id='word_1_270' title='bbox 314 1757 369 1796; x_wconf 92' lang='lat' dir='ltr'>eth.</span> <span class='ocrx_word' id='word_1_271' title='bbox 383 1758 404 1795; x_wconf 84' lang='lat' dir='ltr'>V</span> <span class='ocrx_word' id='word_1_272' title='bbox 419 1758 548 1806; x_wconf 89' lang='lat' dir='ltr'>consentiunt,</span> <span class='ocrx_word' id='word_1_273' title='bbox 562 1761 621 1796; x_wconf 88' lang='lat' dir='ltr'>testes</span> <span class='ocrx_word' id='word_1_274' title='bbox 636 1757 764 1807; x_wconf 85' lang='lat' dir='ltr'>probatissimi</span> <span class='ocrx_word' id='word_1_275' title='bbox 777 1757 814 1795; x_wconf 87' lang='lat' dir='ltr'>ba-</span> 
     </span>
     <span class='ocr_line' id='line_1_33' title="bbox 50 1814 222 1862; baseline -0.015 -10"><span class='ocrx_word' id='word_1_276' title='bbox 50 1814 92 1852; x_wconf 90' lang='lat' dir='ltr'>beri</span> <span class='ocrx_word' id='word_1_277' title='bbox 103 1816 222 1862; x_wconf 87' lang='lat' dir='ltr'>possunt.</span> 
     </span>
    </p>

    <p class='ocr_par' dir='ltr' id='par_1_6' title="bbox 39 1863 815 2334">
     <span class='ocr_line' id='line_1_34' title="bbox 105 1863 813 1914; baseline -0.004 -10"><span class='ocrx_word' id='word_1_278' title='bbox 105 1867 125 1905; x_wconf 74' lang='grc'>7.</span> <span class='ocrx_word' id='word_1_279' title='bbox 139 1864 267 1912; x_wconf 85' lang='lat' dir='ltr'>Talmud‚&#39;</span> <span class='ocrx_word' id='word_1_280' title='bbox 260 1876 275 1902; x_wconf 90' lang='grc' dir='ltr'>ι.</span> <span class='ocrx_word' id='word_1_281' title='bbox 284 1876 303 1903; x_wconf 85' lang='lat' dir='ltr'>e.</span> <span class='ocrx_word' id='word_1_282' title='bbox 312 1875 397 1914; x_wconf 83' lang='lat' dir='ltr'>corpus</span> <span class='ocrx_word' id='word_1_283' title='bbox 411 1863 564 1902; x_wconf 88' lang='lat' dir='ltr'>traditionum</span> <span class='ocrx_word' id='word_1_284' title='bbox 573 1863 723 1911; x_wconf 86' lang='lat' dir='ltr'>judaicarum</span> <span class='ocrx_word' id='word_1_285' title='bbox 733 1874 745 1901; x_wconf 92' lang='lat' dir='ltr'>e</span> <span class='ocrx_word' id='word_1_286' title='bbox 757 1863 813 1901; x_wconf 80' lang='lat' dir='ltr'>dira·</span> 
     </span>
     <span class='ocr_line' id='line_1_35' title="bbox 50 1915 814 1968; baseline -0.005 -11"><span class='ocrx_word' id='word_1_287' title='bbox 50 1919 95 1958; x_wconf 91' lang='lat' dir='ltr'>bus</span> <span class='ocrx_word' id='word_1_288' title='bbox 104 1919 214 1968; x_wconf 87' lang='lat' dir='ltr'>partibus</span> <span class='ocrx_word' id='word_1_289' title='bbox 219 1919 338 1964; x_wconf 84' lang='lat' dir='ltr'>constans,</span> <span class='ocrx_word' id='word_1_290' title='bbox 348 1917 490 1955; x_wconf 83' lang='lat' dir='ltr'>nimirumr</span> <span class='ocrx_word' id='word_1_291' title='bbox 465 1928 477 1954; x_wconf 93' lang='lat' dir='ltr'>e</span> <span class='ocrx_word' id='word_1_292' title='bbox 484 1917 589 1955; x_wconf 81' lang='lat' dir='ltr'>illiselrna</span> <span class='ocrx_word' id='word_1_293' title='bbox 597 1919 619 1955; x_wconf 91' lang='lat' dir='ltr'>et</span> <span class='ocrx_word' id='word_1_294' title='bbox 627 1917 732 1954; x_wconf 70' lang='lat' dir='ltr'>uernat-a</span> <span class='ocrx_word' id='word_1_295' title='bbox 746 1915 814 1953; x_wconf 87' lang='lat' dir='ltr'>ltliselr·</span> 
     </span>
     <span class='ocr_line' id='line_1_36' title="bbox 39 1967 816 2018; baseline -0.005 -9"><span class='ocrx_word' id='word_1_296' title='bbox 39 1967 75 2009; x_wconf 62' lang='grc' dir='ltr'>ἰιι</span> <span class='ocrx_word' id='word_1_297' title='bbox 85 1973 171 2018; x_wconf 85' lang='lat' dir='ltr'>continet</span> <span class='ocrx_word' id='word_1_298' title='bbox 180 1972 280 2007; x_wconf 85' lang='lat' dir='ltr'>doctorum</span> <span class='ocrx_word' id='word_1_299' title='bbox 291 1970 332 2018; x_wconf 87' lang='lat' dir='ltr'>jud.</span> <span class='ocrx_word' id='word_1_300' title='bbox 346 1971 401 2007; x_wconf 88' lang='lat' dir='ltr'>brevi</span> <span class='ocrx_word' id='word_1_301' title='bbox 415 1974 458 2007; x_wconf 86' lang='lat' dir='ltr'>ante</span> <span class='ocrx_word' id='word_1_302' title='bbox 473 1974 492 2007; x_wconf 91' lang='lat' dir='ltr'>et</span> <span class='ocrx_word' id='word_1_303' title='bbox 501 1975 545 2017; x_wconf 93' lang='lat' dir='ltr'>post</span> <span class='ocrx_word' id='word_1_304' title='bbox 538 1969 648 2006; x_wconf 83' lang='lat' dir='ltr'>tClrristum</span> <span class='ocrx_word' id='word_1_305' title='bbox 657 1969 763 2006; x_wconf 87' lang='lat' dir='ltr'>florentium</span> <span class='ocrx_word' id='word_1_306' title='bbox 773 1973 816 2005; x_wconf 86' lang='lat' dir='ltr'>sta-</span> 
     </span>
     <span class='ocr_line' id='line_1_37' title="bbox 50 2013 815 2071; baseline -0.004 -11"><span class='ocrx_word' id='word_1_307' title='bbox 50 2028 100 2070; x_wconf 87' lang='lat' dir='ltr'>tuta,</span> <span class='ocrx_word' id='word_1_308' title='bbox 118 2023 264 2071; x_wconf 82' lang='lat' dir='ltr'>explanationes</span> <span class='ocrx_word' id='word_1_309' title='bbox 279 2026 298 2059; x_wconf 91' lang='lat' dir='ltr'>et</span> <span class='ocrx_word' id='word_1_310' title='bbox 311 2021 378 2068; x_wconf 83' lang='lat' dir='ltr'>effata,</span> <span class='ocrx_word' id='word_1_311' title='bbox 399 2026 440 2058; x_wconf 89' lang='lat' dir='ltr'>orta</span> <span class='ocrx_word' id='word_1_312' title='bbox 458 2033 469 2058; x_wconf 88' lang='lat' dir='ltr'>c</span> <span class='ocrx_word' id='word_1_313' title='bbox 484 2022 586 2058; x_wconf 86' lang='lat' dir='ltr'>fusioribus</span> <span class='ocrx_word' id='word_1_314' title='bbox 605 2013 771 2058; x_wconf 82' lang='lat' dir='ltr'>dissertationibus</span> <span class='ocrx_word' id='word_1_315' title='bbox 791 2020 815 2057; x_wconf 91' lang='lat' dir='ltr'>de</span> 
     </span>
     <span class='ocr_line' id='line_1_38' title="bbox 51 2073 816 2130; baseline -0.003 -19"><span class='ocrx_word' id='word_1_316' title='bbox 51 2075 222 2111; x_wconf 89' lang='lat' dir='ltr'>consuetudinibus</span> <span class='ocrx_word' id='word_1_317' title='bbox 237 2074 302 2124; x_wconf 88' lang='lat' dir='ltr'>populi</span> <span class='ocrx_word' id='word_1_318' title='bbox 315 2073 409 2122; x_wconf 85' lang='lat' dir='ltr'>religiose</span> <span class='ocrx_word' id='word_1_319' title='bbox 427 2073 529 2118; x_wconf 88' lang='lat' dir='ltr'>ordinatis,</span> <span class='ocrx_word' id='word_1_320' title='bbox 548 2073 572 2108; x_wconf 92' lang='lat' dir='ltr'>de</span> <span class='ocrx_word' id='word_1_321' title='bbox 590 2073 740 2109; x_wconf 90' lang='lat' dir='ltr'>relationibus</span> <span class='ocrx_word' id='word_1_322' title='bbox 732 2074 781 2130; x_wconf 85' lang='lat' dir='ltr'>Juris</span> <span class='ocrx_word' id='word_1_323' title='bbox 797 2077 816 2109; x_wconf 88' lang='lat' dir='ltr'>et</span> 
     </span>
     <span class='ocr_line' id='line_1_39' title="bbox 47 2123 815 2172; baseline -0.005 -9.984"><span class='ocrx_word' id='word_1_324' title='bbox 47 2127 108 2172; x_wconf 76' lang='lat' dir='ltr'>uitae,</span> <span class='ocrx_word' id='word_1_325' title='bbox 123 2130 142 2162; x_wconf 88' lang='lat' dir='ltr'>et</span> <span class='ocrx_word' id='word_1_326' title='bbox 156 2125 237 2162; x_wconf 90' lang='lat' dir='ltr'>collecta</span> <span class='ocrx_word' id='word_1_327' title='bbox 252 2125 327 2171; x_wconf 89' lang='lat' dir='ltr'>atqne&#39;</span> <span class='ocrx_word' id='word_1_328' title='bbox 323 2136 343 2161; x_wconf 91' lang='lat' dir='ltr'><strong>m</strong></span> <span class='ocrx_word' id='word_1_329' title='bbox 357 2124 442 2161; x_wconf 86' lang='lat' dir='ltr'>ordinem</span> <span class='ocrx_word' id='word_1_330' title='bbox 456 2125 540 2169; x_wconf 87' lang='lat' dir='ltr'>redacta,</span> <span class='ocrx_word' id='word_1_331' title='bbox 555 2127 576 2159; x_wconf 94' lang='lat' dir='ltr'>ut</span> <span class='ocrx_word' id='word_1_332' title='bbox 589 2123 647 2171; x_wconf 88' lang='lat' dir='ltr'>vulgo</span> <span class='ocrx_word' id='word_1_333' title='bbox 658 2124 748 2169; x_wconf 84' lang='lat' dir='ltr'>creditur,</span> <span class='ocrx_word' id='word_1_334' title='bbox 764 2125 815 2159; x_wconf 89' lang='lat' dir='ltr'>cirea</span> 
     </span>
     <span class='ocr_line' id='line_1_40' title="bbox 51 2174 815 2236; baseline -0.009 -21"><span class='ocrx_word' id='word_1_335' title='bbox 51 2188 121 2215; x_wconf 86' lang='lat' dir='ltr'>annum</span> <span class='ocrx_word' id='word_1_336' title='bbox 137 2176 181 2214; x_wconf 87' lang='grc'>190</span> <span class='ocrx_word' id='word_1_337' title='bbox 196 2176 288 2214; x_wconf 80' lang='grc' dir='ltr'>ιιιιι220.</span> <span class='ocrx_word' id='word_1_338' title='bbox 302 2187 321 2236; x_wconf 93' lang='lat' dir='ltr'>p</span> <span class='ocrx_word' id='word_1_339' title='bbox 336 2175 378 2213; x_wconf 83' lang='lat' dir='ltr'>Ch.</span> <span class='ocrx_word' id='word_1_340' title='bbox 384 2174 485 2212; x_wconf 85' lang='lat' dir='ltr'>Tiberiade</span> <span class='ocrx_word' id='word_1_341' title='bbox 499 2174 678 2223; x_wconf 82' lang='lat' dir='ltr'>perrabbitndam,</span> <span class='ocrx_word' id='word_1_342' title='bbox 693 2184 815 2223; x_wconf 88' lang='lat' dir='ltr'>qnemsane-</span> 
     </span>
     <span class='ocr_line' id='line_1_41' title="bbox 50 2227 814 2276; baseline -0.009 -9"><span class='ocrx_word' id='word_1_343' title='bbox 50 2235 90 2267; x_wconf 90' lang='lat' dir='ltr'>tum</span> <span class='ocrx_word' id='word_1_344' title='bbox 104 2234 179 2266; x_wconf 84' lang='lat' dir='ltr'>uocant.</span> <span class='ocrx_word' id='word_1_345' title='bbox 193 2229 306 2266; x_wconf 88' lang='lat' dir='ltr'>Dividitur&#39;</span> <span class='ocrx_word' id='word_1_346' title='bbox 301 2239 320 2265; x_wconf 90' lang='lat' dir='ltr'><strong>m</strong></span> <span class='ocrx_word' id='word_1_347' title='bbox 335 2239 371 2265; x_wconf 92' lang='lat' dir='ltr'>sex</span> <span class='ocrx_word' id='word_1_348' title='bbox 385 2228 462 2264; x_wconf 85' lang='lat' dir='ltr'>ordines</span> <span class='ocrx_word' id='word_1_349' title='bbox 477 2227 593 2273; x_wconf 81' lang='lat' dir='ltr'>(Sedarim),</span> <span class='ocrx_word' id='word_1_350' title='bbox 612 2228 693 2276; x_wconf 84' lang='lat' dir='ltr'>lrique&#39;</span> <span class='ocrx_word' id='word_1_351' title='bbox 688 2239 707 2264; x_wconf 93' lang='lat' dir='ltr'>m</span> <span class='ocrx_word' id='word_1_352' title='bbox 722 2227 767 2263; x_wconf 87' lang='lat' dir='ltr'>60t</span> <span class='ocrx_word' id='word_1_353' title='bbox 768 2236 814 2261; x_wconf 89' lang='lat' dir='ltr'>rae-</span> 
     </span>
     <span class='ocr_line' id='line_1_42' title="bbox 51 2277 814 2334; baseline -0.009 -13"><span class='ocrx_word' id='word_1_354' title='bbox 51 2287 102 2326; x_wconf 87' lang='lat' dir='ltr'>tatns</span> <span class='ocrx_word' id='word_1_355' title='bbox 116 2281 281 2329; x_wconf 63' lang='lat' dir='ltr'>[blassielrthotlrt</span> <span class='ocrx_word' id='word_1_356' title='bbox 303 2280 382 2319; x_wconf 87' lang='lat' dir='ltr'>Gemara</span> <span class='ocrx_word' id='word_1_357' title='bbox 397 2281 528 2330; x_wconf 86' lang='lat' dir='ltr'>complectitur</span> <span class='ocrx_word' id='word_1_358' title='bbox 542 2279 669 2334; x_wconf 82' lang='lat' dir='ltr'>additamenta</span> <span class='ocrx_word' id='word_1_359' title='bbox 682 2290 732 2318; x_wconf 87' lang='lat' dir='ltr'>nova</span> <span class='ocrx_word' id='word_1_360' title='bbox 746 2277 814 2327; x_wconf 83' lang='lat' dir='ltr'>expla-</span> 
     </span>
    </p>
   </div>
   <div class='ocr_carea' id='block_1_3' title="bbox 52 2400 244 2409">
    <p class='ocr_par' dir='ltr' id='par_1_7' title="bbox 52 2400 244 2409">
     <span class='ocr_line' id='line_1_43' title="bbox 52 2400 244 2409; baseline -0.016 -1"><span class='ocrx_word' id='word_1_361' title='bbox 52 2400 244 2409; x_wconf 68' lang='lat'><strong>——-———-</strong></span> 
     </span>
    </p>
   </div>
   <div class='ocr_carea' id='block_1_4' title="bbox 54 2443 816 2744">
    <p class='ocr_par' dir='ltr' id='par_1_8' title="bbox 54 2443 815 2744">
     <span class='ocr_line' id='line_1_44' title="bbox 104 2443 815 2495; baseline -0.004 -9"><span class='ocrx_word' id='word_1_362' title='bbox 104 2455 153 2487; x_wconf 88' lang='lat' dir='ltr'>lutem</span> <span class='ocrx_word' id='word_1_363' title='bbox 164 2457 258 2494; x_wconf 85' lang='lat' dir='ltr'>inuenerint,</span> <span class='ocrx_word' id='word_1_364' title='bbox 270 2457 304 2487; x_wconf 89' lang='lat' dir='ltr'>sive</span> <span class='ocrx_word' id='word_1_365' title='bbox 314 2455 345 2486; x_wconf 86' lang='lat' dir='ltr'>Dei</span> <span class='ocrx_word' id='word_1_366' title='bbox 355 2456 438 2487; x_wconf 83' lang='lat' dir='ltr'>voluntate</span> <span class='ocrx_word' id='word_1_367' title='bbox 450 2457 484 2487; x_wconf 88' lang='lat' dir='ltr'>sive</span> <span class='ocrx_word' id='word_1_368' title='bbox 491 2443 548 2495; x_wconf 89' lang='lat' dir='ltr'>sponte</span> <span class='ocrx_word' id='word_1_369' title='bbox 559 2460 630 2492; x_wconf 84' lang='lat' dir='ltr'>naturae,</span> <span class='ocrx_word' id='word_1_370' title='bbox 641 2452 770 2494; x_wconf 86' lang='lat' dir='ltr'>quandoquidem</span> <span class='ocrx_word' id='word_1_371' title='bbox 781 2452 815 2483; x_wconf 82' lang='lat' dir='ltr'>heri</span> 
     </span>
     <span class='ocr_line' id='line_1_45' title="bbox 54 2494 815 2538; baseline -0.005 -9"><span class='ocrx_word' id='word_1_372' title='bbox 54 2522 56 2525; x_wconf 48' lang='lat'>&gt;</span> <span class='ocrx_word' id='word_1_373' title='bbox 105 2503 121 2529; x_wconf 87' lang='lat' dir='ltr'>et</span> <span class='ocrx_word' id='word_1_374' title='bbox 137 2498 251 2529; x_wconf 88' lang='lat' dir='ltr'>nudiustertius</span> <span class='ocrx_word' id='word_1_375' title='bbox 268 2499 293 2537; x_wconf 86' lang='lat' dir='ltr'>iis,</span> <span class='ocrx_word' id='word_1_376' title='bbox 316 2499 343 2538; x_wconf 92' lang='lat' dir='ltr'>qui</span> <span class='ocrx_word' id='word_1_377' title='bbox 362 2498 392 2528; x_wconf 91' lang='lat' dir='ltr'>sub</span> <span class='ocrx_word' id='word_1_378' title='bbox 411 2498 460 2528; x_wconf 86' lang='lat' dir='ltr'>ductu</span> <span class='ocrx_word' id='word_1_379' title='bbox 479 2503 524 2528; x_wconf 84' lang='lat' dir='ltr'>erant</span> <span class='ocrx_word' id='word_1_380' title='bbox 538 2497 629 2533; x_wconf 81' lang='lat' dir='ltr'>Alexandri</span> <span class='ocrx_word' id='word_1_381' title='bbox 647 2494 752 2525; x_wconf 84' lang='lat' dir='ltr'>Macedoniae</span> <span class='ocrx_word' id='word_1_382' title='bbox 766 2496 815 2535; x_wconf 81' lang='lat' dir='ltr'>regis,</span> 
     </span>
     <span class='ocr_line' id='line_1_46' title="bbox 106 2536 816 2580; baseline -0.003 -10"><span class='ocrx_word' id='word_1_383' title='bbox 106 2542 156 2570; x_wconf 76' lang='lat' dir='ltr'>cessit</span> <span class='ocrx_word' id='word_1_384' title='bbox 169 2540 271 2580; x_wconf 81' lang='lat' dir='ltr'>pamphiliam</span> <span class='ocrx_word' id='word_1_385' title='bbox 286 2549 330 2570; x_wconf 87' lang='lat' dir='ltr'>mare</span> <span class='ocrx_word' id='word_1_386' title='bbox 347 2540 426 2571; x_wconf 83' lang='lat' dir='ltr'>attaliam</span> <span class='ocrx_word' id='word_1_387' title='bbox 439 2542 482 2571; x_wconf 88' lang='lat' dir='ltr'>viam</span> <span class='ocrx_word' id='word_1_388' title='bbox 500 2549 533 2570; x_wconf 88' lang='lat' dir='ltr'>non</span> <span class='ocrx_word' id='word_1_389' title='bbox 548 2538 642 2569; x_wconf 86' lang='lat' dir='ltr'>habentibus</span> <span class='ocrx_word' id='word_1_390' title='bbox 655 2536 715 2567; x_wconf 87' lang='lat' dir='ltr'>illac&#39;t</span> <span class='ocrx_word' id='word_1_391' title='bbox 702 2542 734 2567; x_wconf 84' lang='lat' dir='ltr'>rter</span> <span class='ocrx_word' id='word_1_392' title='bbox 748 2540 816 2577; x_wconf 86' lang='lat' dir='ltr'>aperuit,</span> 
     </span>
     <span class='ocr_line' id='line_1_47' title="bbox 105 2579 815 2628; baseline -0.001 -17"><span class='ocrx_word' id='word_1_393' title='bbox 105 2591 153 2621; x_wconf 92' lang='lat' dir='ltr'>quum</span> <span class='ocrx_word' id='word_1_394' title='bbox 171 2582 214 2612; x_wconf 85' lang='lat' dir='ltr'>Deus</span> <span class='ocrx_word' id='word_1_395' title='bbox 230 2581 334 2613; x_wconf 87' lang='lat' dir='ltr'>Persarum</span> <span class='ocrx_word' id='word_1_396' title='bbox 330 2583 412 2622; x_wconf 84' lang='lat' dir='ltr'>imperium</span> <span class='ocrx_word' id='word_1_397' title='bbox 427 2587 500 2613; x_wconf 85' lang='lat' dir='ltr'>evertere</span> <span class='ocrx_word' id='word_1_398' title='bbox 516 2581 620 2610; x_wconf 75' lang='lat' dir='ltr'>decreuisset.</span> <span class='ocrx_word' id='word_1_399' title='bbox 642 2579 695 2628; x_wconf 80' lang='lat' dir='ltr'>Atque</span> <span class='ocrx_word' id='word_1_400' title='bbox 710 2579 742 2610; x_wconf 89' lang='lat' dir='ltr'>hoe</span> <span class='ocrx_word' id='word_1_401' title='bbox 759 2589 815 2610; x_wconf 87' lang='lat' dir='ltr'>omues</span> 
     </span>
     <span class='ocr_line' id='line_1_48' title="bbox 104 2620 816 2663; baseline -0.001 -10"><span class='ocrx_word' id='word_1_402' title='bbox 104 2628 188 2661; x_wconf 81' lang='lat' dir='ltr'>testantur</span> <span class='ocrx_word' id='word_1_403' title='bbox 200 2624 227 2662; x_wconf 91' lang='lat' dir='ltr'>qui</span> <span class='ocrx_word' id='word_1_404' title='bbox 237 2623 324 2653; x_wconf 82' lang='lat' dir='ltr'>Alexandri</span> <span class='ocrx_word' id='word_1_405' title='bbox 332 2633 357 2655; x_wconf 85' lang='lat' dir='ltr'>res</span> <span class='ocrx_word' id='word_1_406' title='bbox 366 2629 420 2663; x_wconf 87' lang='lat' dir='ltr'>gestas</span> <span class='ocrx_word' id='word_1_407' title='bbox 431 2624 493 2661; x_wconf 86' lang='lat' dir='ltr'>scriptis</span> <span class='ocrx_word' id='word_1_408' title='bbox 504 2622 602 2652; x_wconf 88' lang='lat' dir='ltr'>mandarunt</span> <span class='ocrx_word' id='word_1_409' title='bbox 612 2620 634 2650; x_wconf 89' lang='lat' dir='ltr'>At</span> <span class='ocrx_word' id='word_1_410' title='bbox 628 2623 690 2651; x_wconf 87' lang='lat' dir='ltr'>teuim</span> <span class='ocrx_word' id='word_1_411' title='bbox 702 2621 723 2650; x_wconf 87' lang='lat' dir='ltr'>de</span> <span class='ocrx_word' id='word_1_412' title='bbox 734 2622 758 2651; x_wconf 89' lang='lat' dir='ltr'>his</span> <span class='ocrx_word' id='word_1_413' title='bbox 771 2623 816 2661; x_wconf 85' lang='lat' dir='ltr'>qnis-</span> 
     </span>
     <span class='ocr_line' id='line_1_49' title="bbox 105 2663 325 2703; baseline 0.009 -10"><span class='ocrx_word' id='word_1_414' title='bbox 105 2673 142 2703; x_wconf 84' lang='lat' dir='ltr'>que,</span> <span class='ocrx_word' id='word_1_415' title='bbox 153 2669 171 2693; x_wconf 91' lang='lat' dir='ltr'>ut</span> <span class='ocrx_word' id='word_1_416' title='bbox 181 2663 251 2702; x_wconf 88' lang='lat' dir='ltr'>libuerit,</span> <span class='ocrx_word' id='word_1_417' title='bbox 263 2666 325 2695; x_wconf 85' lang='lat' dir='ltr'>sentiat.</span> 
     </span>
     <span class='ocr_line' id='line_1_50' title="bbox 75 2701 738 2744; baseline -0.003 -10"><span class='ocrx_word' id='word_1_418' title='bbox 75 2705 93 2744; x_wconf 85' lang='lat' dir='ltr'>l)</span> <span class='ocrx_word' id='word_1_419' title='bbox 106 2704 138 2735; x_wconf 80' lang='lat' dir='ltr'>Gir.</span> <span class='ocrx_word' id='word_1_420' title='bbox 150 2704 212 2733; x_wconf 77' lang='lat' dir='ltr'>Stalai</span> <span class='ocrx_word' id='word_1_421' title='bbox 207 2706 223 2733; x_wconf 87' lang='grc' dir='ltr'>ιιι</span> <span class='ocrx_word' id='word_1_422' title='bbox 234 2704 316 2735; x_wconf 87' lang='lat' dir='ltr'>Eiehornii</span> <span class='ocrx_word' id='word_1_423' title='bbox 327 2705 425 2735; x_wconf 86' lang='lat' dir='ltr'>brblrotlreca</span> <span class='ocrx_word' id='word_1_424' title='bbox 432 2703 504 2733; x_wconf 84' lang='lat' dir='ltr'>orientali</span> <span class='ocrx_word' id='word_1_425' title='bbox 514 2701 546 2732; x_wconf 73' lang='lat' dir='ltr'>rot</span> <span class='ocrx_word' id='word_1_426' title='bbox 557 2702 582 2732; x_wconf 90' lang='lat' dir='ltr'>IV.</span> <span class='ocrx_word' id='word_1_427' title='bbox 593 2712 630 2742; x_wconf 86' lang='lat' dir='ltr'>pag.</span> <span class='ocrx_word' id='word_1_428' title='bbox 642 2702 678 2732; x_wconf 77' lang='lat' dir='ltr'>nul.</span> <span class='ocrx_word' id='word_1_429' title='bbox 693 2713 738 2743; x_wconf 83' lang='lat' dir='ltr'>seqq.</span> 
     </span>
    </p>
   </div>
   <div class='ocr_carea' id='block_1_5' title="bbox 675 2757 687 2791">
    <p class='ocr_par' dir='ltr' id='par_1_9' title="bbox 675 2757 687 2791">
     <span class='ocr_line' id='line_1_51' title="bbox 675 2757 687 2791; baseline 0 0"><span class='ocrx_word' id='word_1_430' title='bbox 675 2757 687 2791; x_wconf 82' lang='lat'>9</span> 
     </span>
    </p>
   </div>
   <div class='ocr_carea' id='block_1_6' title="bbox 0 0 906 2921">
    <p class='ocr_par' dir='ltr' id='par_1_10' title="bbox 0 0 906 2921">
     <span class='ocr_line' id='line_1_52' title="bbox 0 0 906 2921; baseline 0 0"><span class='ocrx_word' id='word_1_431' title='bbox 0 0 906 2921; x_wconf 95' lang='lat' dir='ltr'> </span> 
     </span>
    </p>
   </div>
  </div>
 </body>
</html>
