1787 2921
773 105 803 143 95

89 199 110 237 2.
132 199 158 238 Si
179 200 292 249 integrum
313 200 397 239 librum
416 200 565 249 interpretari
584 200 716 248 desideras,
737 204 803 240 tuum

38 264 90 294 esse
103 252 175 290 scito:

90 307 113 349 a)
131 304 215 342 scriem
234 304 417 354 propositionum
439 304 625 350 cohaerentium,
647 316 706 353 quae
727 308 801 345 totum

38 356 148 402 efficiunt,
163 367 311 405 cognoscere,
326 359 349 395 et
358 358 428 395 talem
438 357 564 395 sectionem
574 357 646 394 totius
656 357 732 395 instar
740 360 803 396 trac-

38 414 98 454 tare,
117 408 168 456 quod
182 409 257 456 quidem
276 409 353 446 elficere
368 409 441 447 facilius
457 414 486 446 est
500 411 519 447 in
533 410 586 447 libris
601 410 709 455 historicis,
731 409 802 447 diffici-

39 464 73 500 lius
87 470 133 497 vero
148 461 167 497 in
182 462 257 507 scriptis
273 460 381 505 didacticis3

89 512 111 556 b)
125 511 201 549 ideam
216 511 365 560 principalem
384 512 500 559 ejusmodi
517 513 628 551 sectionis
647 512 803 561 investigare3

90 566 111 608 c)
126 563 239 610 omnium,
259 575 318 611 quae
338 564 463 611 cogitatum
483 565 633 613 principalem
648 565 802 611 circunnlant,

39 614 214 654 destinationem
233 617 255 652 et
272 615 386 653 rationem
405 616 570 663 determinare3
589 616 682 653 destinata
695 628 742 654 vero
758 621 803 654 sunt

38 668 67 706 ad
86 666 212 714 cogitatum
231 667 367 717 primarium
386 668 416 704 vel
432 671 453 713 c)
468 668 655 715 praeparandum
674 679 716 706 seu
730 669 802 707 intro-

38 719 178 766 ducendum3
192 719 223 756 vel
230 720 253 766 β)
261 719 430 757 obfirrnandum
439 721 461 756 et
469 719 686 766 demonstrandum,
700 721 732 757 vel
740 724 759 767 γ]
770 721 802 758 si·-

38 770 216 818 militudinibus,
235 771 375 819 imaginibus
394 770 503 819 exemplis
518 773 561 809 etc.
580 771 756 818 illustrandum3
770 772 802 809 vel

38 824 123 870 denique,
134 825 155 867 t)
170 825 251 861 contra
266 823 454 861 adversariorum
469 822 620 869 objectiones,
636 824 717 861 contra
732 823 803 861 dubia

38 877 60 912 et
76 874 221 923 exceptiones
239 875 394 913 niuniendum.
416 875 435 911 Si
453 875 517 922 plures
537 880 569 912 aut
586 876 687 922 pauciores
708 875 803 924 ejusmodi

38 928 133 963 sectiones
152 927 229 975 maJ'oris
240 928 279 964 >vel
298 928 376 965 minoris
390 927 470 964 ambitos
485 937 530 964 sese
545 928 665 975 excipientes
680 927 742 965 denuc
757 927 803 964 elli-

39 980 168 1025 ciunttotum,
182 983 234 1015 tuum
248 983 278 1015 est
697 1014 700 1017 .

90 1030 113 1073 d)
127 1039 154 1066 ex
168 1029 226 1068 ideis
241 1029 357 1077 primariis
372 1029 516 1077 singularum
531 1029 661 1068 sectionum
675 1030 802 1078 cogitatum

38 1080 187 1129 principalem
202 1081 274 1119 totins
292 1081 346 1118 libri
364 1080 488 1127 indagare,
508 1083 529 1118 et
547 1082 684 1119 relationem
701 1081 802 1130 reliqua·

38 1143 88 1170 rum
103 1132 207 1170 idearum
221 1133 252 1170 ad
266 1132 401 1181 primariam
418 1132 578 1170 determinare.

328 1255 363 1293 II.
378 1255 508 1294 Gauratae:

90 1338 116 1376 ln
129 1349 174 1376 usu
189 1340 310 1382 contextus
324 1339 441 1386 exegetica
456 1349 554 1376 caveas:

91 1389 111 1427 1.
129 1389 161 1427 Ne
175 1401 216 1439 per
230 1390 354 1428 artiliciurn
373 1390 422 1428 sive
442 1390 559 1437 criticum,
578 1389 628 1428 sive
648 1390 802 1429 hermeneuti-

38 1453 90 1480 curn
104 1444 242 1490 extorqueas
257 1453 350 1489 nexum,
369 1442 409 1480 ubi
427 1443 505 1480 nullus
520 1442 593 1480 adest.
616 1443 743 1481 artificium
758 1444 802 1482 cri-

37 1494 108 1532 ticum
123 1496 172 1532 tum
186 1494 263 1532 locum
277 1494 380 1540 haberet,
395 1494 416 1532 si
431 1494 545 1543 interpres
559 1494 652 1532 lectioni
662 1496 738 1533 textus
748 1506 801 1543 pro-

38 1545 109 1584 stanti
128 1545 210 1593 aliam,
231 1557 244 1584 e
262 1557 326 1584 mera
347 1546 483 1593 conjectura
504 1546 586 1587 critica
606 1547 728 1594 repetitam
750 1547 801 1585 ideo

38 1598 200 1645 substitueret,
219 1609 265 1646 quo
283 1598 412 1647 planiorem
431 1598 476 1636 sibi
494 1598 601 1636 redderet
615 1609 698 1636 nexum
713 1601 735 1637 et
750 1610 802 1636 sen-

39 1660 97 1687 sum.
111 1650 143 1689 Sic
156 1662 175 1688 v.
189 1662 208 1700 g.
222 1650 264 1687 Act.
280 1651 310 1696 15,
326 1651 357 1689 20.
372 1651 403 1688 29.
418 1650 462 1688 loco
477 1655 509 1698 τῆς
523 1651 608 1697 πορνείας
622 1651 707 1688 nonnulli
715 1652 754 1700 legi
764 1663 802 1688 vo-

38 1701 112 1739 luerunt
125 1705 158 1749 τῆς
174 1703 253 1750 palpatae
271 1706 292 1748 (a
307 1713 364 1739 carne
379 1703 454 1748 suilla];
473 1703 504 1739 lllt.
521 1702 551 1748 19,
567 1701 598 1740 24.
617 1703 660 1740 loco
680 1701 762 1750 κάμηλος
776 1725 802 1730 -

38 1752 114 1801 κάμιλος
128 1755 215 1800 (rudens,
230 1754 390 1798 lunisnautirus').
404 1754 532 1792 Artilicium
547 1755 743 1793 berrneneuticum
753 1767 801 1793 cer-

38 1806 100 1844 nitur
114 1807 137 1845 in
152 1806 270 1845 sectandis
285 1804 500 1855 significationibus
515 1818 543 1844 ac
563 1807 687 1845 structuris
706 1807 801 1845 rariori-

38 1858 89 1905 bus,
102 1860 140 1897 vel
154 1858 177 1897 in
191 1859 336 1907 respectibus
351 1859 477 1907 quaesitis,
491 1860 528 1897 vel
543 1859 567 1897 in
581 1859 650 1897 docta
665 1860 800 1898 auctoribus

39 1911 113 1949 sacris
128 1911 250 1961 supposita
266 1911 409 1958 subtilitate,
428 1924 446 1948 r.
461 1924 480 1960 g.
495 1914 514 1949 in
529 1913 622 1959 particula.
635 1910 664 1947 lm
678 1913 721 1949 loco
735 1911 801 1949 infmi-

38 1963 69 2000 livi
77 1962 101 2009 ¹).
114 1963 230 2002 Vitiosum
245 1974 297 2001 esse
312 1963 376 2011 illud,
390 1964 435 2001 inde
449 1968 506 2013 patet,
522 1964 579 2012 qnod,
593 1965 625 2001 ubi
639 1968 710 2001 textum
725 1975 801 2001 sacrum

39 2017 165 2063 mutationem,
180 2027 216 2064 qna
228 2027 290 2053 nexus
305 2016 395 2062 turbatur,
410 2016 493 2053 subiisse
506 2016 582 2053 lundata
597 2017 652 2053 adest
665 2017 757 2063 suspicio,
773 2020 802 2055 sat

39 2068 98 2115 amplo
113 2069 217 2119 gaudemus
226 2072 322 2117 apparatu
336 2069 411 2115 critico,
431 2070 485 2118 cujus
500 2080 536 2116 ope
551 2072 614 2105 textus
633 2069 748 2118 originariae
762 2080 801 2117 pu-

38 2120 86 2157 ritati
100 2122 174 2158 restitui
188 2125 261 2169 potest:
280 2132 338 2169 quare
351 2131 425 2167 nexus,
439 2133 449 2158 e
465 2132 516 2158 mera
531 2121 641 2169 conjectura
656 2122 721 2158 critica
737 2132 801 2158 einer-

39 2181 91 2219 gcns,
106 2185 144 2210 non
158 2177 223 2221 potest
236 2185 274 2210 non
286 2185 331 2211 csse
341 2178 453 2221 suspectus,
467 2172 638 2222 reprobandum
654 2184 706 2211 esse
721 2174 800 2216 hoece,

38 2223 80 2260 inde
96 2226 167 2275 elucet,
187 2226 230 2273 quia
249 2226 304 2262 nobis
323 2237 355 2263 res
374 2230 404 2263 est
418 2237 460 2263 cum
475 2225 713 2273 scriptoribusmaximam
729 2230 801 2273 partem

38 2274 140 2323 illiteratis,
156 2278 188 2326 qui
201 2274 256 2325 plana
272 2282 291 2315 et
305 2278 360 2315 obvia
375 2279 435 2315 secuti
450 2282 503 2320 sunt,
523 2281 542 2314 et
555 2278 605 2315 haud
619 2289 673 2325 raro,
692 2289 754 2315 nexus
768 2279 801 2314 in-

38 2327 89 2366 terni
99 2330 173 2377 incurii,
188 2328 268 2379 singulis
283 2326 388 2369 arationum
403 2330 513 2381 fragmentis
529 2330 643 2380 colligendis
658 2331 800 2378 acquieverunt,

38 2381 67 2417 vel
82 2381 152 2420 diversi
166 2384 244 2432 generis
258 2383 347 2419 materias
361 2386 475 2430 tractarunt,
494 2385 513 2420 in
528 2383 596 2430 quibus
616 2395 663 2432 ergo
679 2381 800 2431 approbanda

38 2434 73 2469 crit
86 2434 216 2484 interpretatio
231 2435 272 2481 illa,
292 2445 340 2483 quac
359 2434 449 2472 facilitate
469 2439 536 2473 suaet
553 2436 671 2484 simplicitate
686 2445 730 2472 sese
745 2445 801 2471 corn-

37 2486 119 2524 nendatss
203 2486 205 2490 ⁴
305 2493 307 2496 ’

89 2538 110 2577 2.
124 2539 156 2576 Ne
170 2539 221 2577 sine
235 2538 375 2577 necessitate
389 2538 514 2589 quidpiam,
529 2542 570 2578 aut
578 2540 646 2589 plane
656 2537 727 2576 invito
737 2541 801 2578 textu

38 2642 226 2653 Q...—

54 2707 70 2746 l]
83 2707 115 2739 Cir.
125 2692 181 2741 illinet
192 2710 275 2741 Grarnmat.
286 2702 370 2750 pag..3[l9.
382 2720 397 2740 n.
409 2710 424 2740 9.
