<?xml version="1.0" encoding="UTF-8"?>
<!DOCTYPE html PUBLIC "-//W3C//DTD XHTML 1.0 Transitional//EN"
    "http://www.w3.org/TR/xhtml1/DTD/xhtml1-transitional.dtd">
<html xmlns="http://www.w3.org/1999/xhtml" xml:lang="en" lang="en">
 <head>
  <title>
</title>
<meta http-equiv="Content-Type" content="text/html;charset=utf-8" />
  <meta name='ocr-system' content='tesseract 3.04.00' />
  <meta name='ocr-capabilities' content='ocr_page ocr_carea ocr_par ocr_line ocrx_word'/>
</head>
<body>
  <div class='ocr_page' id='page_1' title='image "./MN41624ucmf_7_0078.png"; bbox 0 0 1765 2921; ppageno 0'>
   <div class='ocr_carea' id='block_1_1' title="bbox 254 394 570 508">
    <p class='ocr_par' dir='ltr' id='par_1_1' title="bbox 254 394 570 508">
     <span class='ocr_line' id='line_1_1' title="bbox 254 394 570 508; baseline 0 -10"><span class='ocrx_word' id='word_1_1' title='bbox 254 394 259 425; x_wconf 66' lang='lat'><em>⁷</em></span> <span class='ocrx_word' id='word_1_2' title='bbox 325 432 493 508; x_wconf 78' lang='lat' dir='ltr'>Pars</span> <span class='ocrx_word' id='word_1_3' title='bbox 527 432 570 498; x_wconf 88' lang='lat'>1.</span> 
     </span>
    </p>
   </div>
   <div class='ocr_carea' id='block_1_2' title="bbox 239 560 657 631">
    <p class='ocr_par' dir='ltr' id='par_1_2' title="bbox 239 560 657 631">
     <span class='ocr_line' id='line_1_2' title="bbox 239 560 657 631; baseline 0.005 -24"><span class='ocrx_word' id='word_1_4' title='bbox 239 560 283 608; x_wconf 91' lang='lat' dir='ltr'>De</span> <span class='ocrx_word' id='word_1_5' title='bbox 311 577 413 631; x_wconf 87' lang='lat' dir='ltr'>sensu</span> <span class='ocrx_word' id='word_1_6' title='bbox 441 562 657 611; x_wconf 89' lang='lat' dir='ltr'>inveniendo.</span> 
     </span>
    </p>
   </div>
   <div class='ocr_carea' id='block_1_3' title="bbox 353 834 550 894">
    <p class='ocr_par' dir='ltr' id='par_1_3' title="bbox 353 834 550 894">
     <span class='ocr_line' id='line_1_3' title="bbox 353 834 550 894; baseline -0.015 0"><span class='ocrx_word' id='word_1_7' title='bbox 353 835 488 894; x_wconf 72' lang='lat' dir='ltr'>§ectio</span> <span class='ocrx_word' id='word_1_8' title='bbox 517 834 550 891; x_wconf 88' lang='lat' dir='ltr'>l.</span> 
     </span>
    </p>
   </div>
   <div class='ocr_carea' id='block_1_4' title="bbox 153 931 731 997">
    <p class='ocr_par' dir='ltr' id='par_1_4' title="bbox 153 931 731 997">
     <span class='ocr_line' id='line_1_4' title="bbox 153 931 731 997; baseline 0 -15"><span class='ocrx_word' id='word_1_9' title='bbox 153 931 203 983; x_wconf 68' lang='lat' dir='ltr'>⁴De</span> <span class='ocrx_word' id='word_1_10' title='bbox 220 954 296 984; x_wconf 90' lang='lat' dir='ltr'>sensns</span> <span class='ocrx_word' id='word_1_11' title='bbox 312 941 477 996; x_wconf 71' lang='lat' dir='ltr'>investigatione</span> <span class='ocrx_word' id='word_1_12' title='bbox 493 953 533 997; x_wconf 89' lang='lat' dir='ltr'>per</span> <span class='ocrx_word' id='word_1_13' title='bbox 548 952 609 984; x_wconf 85' lang='lat' dir='ltr'>usum</span> <span class='ocrx_word' id='word_1_14' title='bbox 624 939 731 996; x_wconf 82' lang='lat' dir='ltr'>loquendi.</span> 
     </span>
    </p>
   </div>
   <div class='ocr_carea' id='block_1_5' title="bbox 385 1081 516 1138">
    <p class='ocr_par' dir='ltr' id='par_1_5' title="bbox 385 1081 516 1138">
     <span class='ocr_line' id='line_1_5' title="bbox 385 1081 516 1138; baseline -0.008 -12"><span class='ocrx_word' id='word_1_15' title='bbox 385 1081 478 1138; x_wconf 78' lang='lat' dir='ltr'>Caput</span> <span class='ocrx_word' id='word_1_16' title='bbox 494 1081 516 1125; x_wconf 88' lang='lat'>1.</span> 
     </span>
    </p>
   </div>
   <div class='ocr_carea' id='block_1_6' title="bbox 59 1157 834 1259">
    <p class='ocr_par' dir='ltr' id='par_1_6' title="bbox 59 1157 834 1259">
     <span class='ocr_line' id='line_1_6' title="bbox 59 1157 834 1208; baseline 0 -15"><span class='ocrx_word' id='word_1_17' title='bbox 59 1157 97 1194; x_wconf 78' lang='lat' dir='ltr'>De</span> <span class='ocrx_word' id='word_1_18' title='bbox 111 1168 147 1195; x_wconf 89' lang='lat' dir='ltr'>usu</span> <span class='ocrx_word' id='word_1_19' title='bbox 161 1157 252 1206; x_wconf 86' lang='lat' dir='ltr'>loquendi</span> <span class='ocrx_word' id='word_1_20' title='bbox 266 1158 285 1195; x_wconf 92' lang='lat' dir='ltr'>in</span> <span class='ocrx_word' id='word_1_21' title='bbox 300 1169 383 1208; x_wconf 78' lang='lat' dir='ltr'>genere,</span> <span class='ocrx_word' id='word_1_22' title='bbox 403 1161 423 1195; x_wconf 88' lang='lat' dir='ltr'>et</span> <span class='ocrx_word' id='word_1_23' title='bbox 441 1158 464 1195; x_wconf 89' lang='lat' dir='ltr'>de</span> <span class='ocrx_word' id='word_1_24' title='bbox 478 1157 535 1196; x_wconf 82' lang='lat' dir='ltr'>inodo</span> <span class='ocrx_word' id='word_1_25' title='bbox 550 1157 574 1195; x_wconf 88' lang='lat' dir='ltr'>ad</span> <span class='ocrx_word' id='word_1_26' title='bbox 589 1161 660 1195; x_wconf 80' lang='lat' dir='ltr'>certain</span> <span class='ocrx_word' id='word_1_27' title='bbox 679 1157 721 1205; x_wconf 86' lang='lat' dir='ltr'>ejus</span> <span class='ocrx_word' id='word_1_28' title='bbox 736 1157 834 1207; x_wconf 80' lang='lat' dir='ltr'>cognitio-</span> 
     </span>
     <span class='ocr_line' id='line_1_7' title="bbox 356 1210 546 1259; baseline 0 -12"><span class='ocrx_word' id='word_1_29' title='bbox 356 1223 400 1248; x_wconf 84' lang='lat' dir='ltr'>nenr</span> <span class='ocrx_word' id='word_1_30' title='bbox 415 1210 546 1259; x_wconf 83' lang='lat' dir='ltr'>perveniendi.</span> 
     </span>
    </p>
   </div>
   <div class='ocr_carea' id='block_1_7' title="bbox 414 1322 488 1372">
    <p class='ocr_par' dir='ltr' id='par_1_7' title="bbox 414 1322 488 1372">
     <span class='ocr_line' id='line_1_8' title="bbox 414 1322 488 1372; baseline -0.027 -10"><span class='ocrx_word' id='word_1_31' title='bbox 414 1323 434 1372; x_wconf 66' lang='lat' dir='ltr'>p.</span> <span class='ocrx_word' id='word_1_32' title='bbox 451 1322 488 1362; x_wconf 74' lang='lat' dir='ltr'>aa.</span> 
     </span>
    </p>
   </div>
   <div class='ocr_carea' id='block_1_8' title="bbox 68 1385 834 1431">
    <p class='ocr_par' dir='ltr' id='par_1_8' title="bbox 68 1385 834 1431">
     <span class='ocr_line' id='line_1_9' title="bbox 68 1385 834 1431; baseline -0.001 -11"><span class='ocrx_word' id='word_1_33' title='bbox 68 1390 149 1430; x_wconf 83' lang='lat' dir='ltr'>interpres</span> <span class='ocrx_word' id='word_1_34' title='bbox 161 1401 206 1420; x_wconf 84' lang='lat' dir='ltr'>usurn</span> <span class='ocrx_word' id='word_1_35' title='bbox 218 1391 295 1431; x_wconf 87' lang='lat' dir='ltr'>loquendi</span> <span class='ocrx_word' id='word_1_36' title='bbox 306 1396 343 1421; x_wconf 86' lang='lat' dir='ltr'>ante</span> <span class='ocrx_word' id='word_1_37' title='bbox 355 1393 408 1421; x_wconf 81' lang='lat' dir='ltr'>ornnia</span> <span class='ocrx_word' id='word_1_38' title='bbox 419 1392 495 1431; x_wconf 82' lang='lat' dir='ltr'>respiciat</span> <span class='ocrx_word' id='word_1_39' title='bbox 505 1400 575 1420; x_wconf 83' lang='lat' dir='ltr'>neeesse</span> <span class='ocrx_word' id='word_1_40' title='bbox 587 1395 621 1428; x_wconf 85' lang='lat' dir='ltr'>est,</span> <span class='ocrx_word' id='word_1_41' title='bbox 637 1395 653 1420; x_wconf 91' lang='lat' dir='ltr'>et</span> <span class='ocrx_word' id='word_1_42' title='bbox 664 1394 697 1419; x_wconf 83' lang='lat' dir='ltr'>tuto</span> <span class='ocrx_word' id='word_1_43' title='bbox 709 1398 745 1419; x_wconf 87' lang='lat' dir='ltr'>eurn</span> <span class='ocrx_word' id='word_1_44' title='bbox 757 1385 834 1429; x_wconf 76' lang='lat' dir='ltr'>seqnitur.</span> 
     </span>
    </p>
   </div>
   <div class='ocr_carea' id='block_1_9' title="bbox 44 1459 871 2582">
    <p class='ocr_par' dir='ltr' id='par_1_9' title="bbox 44 1459 834 1738">
     <span class='ocr_line' id='line_1_10' title="bbox 121 1459 833 1530; baseline 0 -12"><span class='ocrx_word' id='word_1_45' title='bbox 121 1459 341 1525; x_wconf 54' lang='lat' dir='ltr'>Quemadmodum</span> <span class='ocrx_word' id='word_1_46' title='bbox 360 1481 400 1530; x_wconf 82' lang='lat' dir='ltr'>qrri</span> <span class='ocrx_word' id='word_1_47' title='bbox 416 1483 490 1519; x_wconf 88' lang='lat' dir='ltr'>toturn</span> <span class='ocrx_word' id='word_1_48' title='bbox 511 1479 606 1529; x_wconf 85' lang='lat' dir='ltr'>aliquod</span> <span class='ocrx_word' id='word_1_49' title='bbox 625 1478 669 1517; x_wconf 89' lang='lat' dir='ltr'>rite</span> <span class='ocrx_word' id='word_1_50' title='bbox 690 1489 833 1527; x_wconf 73' lang='lat' dir='ltr'>cognoscere</span> 
     </span>
     <span class='ocr_line' id='line_1_11' title="bbox 69 1529 833 1582; baseline 0 -13"><span class='ocrx_word' id='word_1_51' title='bbox 69 1532 198 1579; x_wconf 80' lang='lat' dir='ltr'>desiderat,</span> <span class='ocrx_word' id='word_1_52' title='bbox 212 1532 318 1580; x_wconf 84' lang='lat' dir='ltr'>singutas</span> <span class='ocrx_word' id='word_1_53' title='bbox 333 1532 385 1580; x_wconf 82' lang='lat' dir='ltr'>ejus</span> <span class='ocrx_word' id='word_1_54' title='bbox 400 1535 479 1582; x_wconf 88' lang='lat' dir='ltr'>partes</span> <span class='ocrx_word' id='word_1_55' title='bbox 494 1533 604 1582; x_wconf 85' lang='lat' dir='ltr'>neournte</span> <span class='ocrx_word' id='word_1_56' title='bbox 619 1529 725 1580; x_wconf 77' lang='lat' dir='ltr'>cognitas</span> <span class='ocrx_word' id='word_1_57' title='bbox 740 1531 833 1581; x_wconf 80' lang='lat' dir='ltr'>habeat,</span> 
     </span>
     <span class='ocr_line' id='line_1_12' title="bbox 69 1583 834 1632; baseline -0.003 -10"><span class='ocrx_word' id='word_1_58' title='bbox 69 1595 166 1622; x_wconf 86' lang='lat' dir='ltr'>neeesse</span> <span class='ocrx_word' id='word_1_59' title='bbox 181 1587 228 1623; x_wconf 89' lang='lat' dir='ltr'>est:</span> <span class='ocrx_word' id='word_1_60' title='bbox 243 1584 276 1622; x_wconf 86' lang='lat' dir='ltr'>ita</span> <span class='ocrx_word' id='word_1_61' title='bbox 290 1587 313 1623; x_wconf 81' lang='lat' dir='ltr'>ot</span> <span class='ocrx_word' id='word_1_62' title='bbox 327 1585 355 1622; x_wconf 93' lang='lat' dir='ltr'>de</span> <span class='ocrx_word' id='word_1_63' title='bbox 369 1585 482 1624; x_wconf 87' lang='lat' dir='ltr'>orationis</span> <span class='ocrx_word' id='word_1_64' title='bbox 497 1583 657 1632; x_wconf 76' lang='lat' dir='ltr'>enJ&#39;usounque</span> <span class='ocrx_word' id='word_1_65' title='bbox 667 1593 739 1621; x_wconf 88' lang='lat' dir='ltr'>sensu</span> <span class='ocrx_word' id='word_1_66' title='bbox 749 1594 834 1632; x_wconf 81' lang='lat' dir='ltr'>eogno-</span> 
     </span>
     <span class='ocr_line' id='line_1_13' title="bbox 70 1634 833 1687; baseline 0 -13"><span class='ocrx_word' id='word_1_67' title='bbox 70 1637 156 1674; x_wconf 89' lang='lat' dir='ltr'>soendo</span> <span class='ocrx_word' id='word_1_68' title='bbox 170 1648 199 1675; x_wconf 92' lang='lat' dir='ltr'>ne</span> <span class='ocrx_word' id='word_1_69' title='bbox 213 1648 290 1676; x_wconf 85' lang='lat' dir='ltr'>sernro</span> <span class='ocrx_word' id='word_1_70' title='bbox 305 1637 397 1686; x_wconf 81' lang='lat' dir='ltr'>qnidern</span> <span class='ocrx_word' id='word_1_71' title='bbox 411 1649 464 1677; x_wconf 90' lang='lat' dir='ltr'>esse</span> <span class='ocrx_word' id='word_1_72' title='bbox 473 1639 557 1687; x_wconf 77' lang='lat' dir='ltr'>potest,</span> <span class='ocrx_word' id='word_1_73' title='bbox 571 1636 616 1675; x_wconf 91' lang='lat' dir='ltr'>nisi</span> <span class='ocrx_word' id='word_1_74' title='bbox 626 1636 771 1683; x_wconf 82' lang='lat' dir='ltr'>singularum</span> <span class='ocrx_word' id='word_1_75' title='bbox 781 1634 833 1683; x_wconf 87' lang='lat' dir='ltr'>ejus</span> 
     </span>
     <span class='ocr_line' id='line_1_14' title="bbox 44 1689 833 1738; baseline 0 -11"><span class='ocrx_word' id='word_1_76' title='bbox 44 1713 51 1716; x_wconf 95' lang='lat'><em>-</em></span> <span class='ocrx_word' id='word_1_77' title='bbox 72 1689 181 1738; x_wconf 80' lang='lat' dir='ltr'>partiunt,</span> <span class='ocrx_word' id='word_1_78' title='bbox 196 1690 210 1728; x_wconf 90' lang='lat' dir='ltr'>i.</span> <span class='ocrx_word' id='word_1_79' title='bbox 226 1701 245 1727; x_wconf 83' lang='lat' dir='ltr'>o.</span> <span class='ocrx_word' id='word_1_80' title='bbox 259 1700 350 1736; x_wconf 78' lang='lat' dir='ltr'>verunt,</span> <span class='ocrx_word' id='word_1_81' title='bbox 364 1691 492 1729; x_wconf 77' lang='lat' dir='ltr'>formarunt</span> <span class='ocrx_word' id='word_1_82' title='bbox 507 1692 529 1728; x_wconf 88' lang='lat' dir='ltr'>et</span> <span class='ocrx_word' id='word_1_83' title='bbox 543 1689 703 1735; x_wconf 67' lang='lat' dir='ltr'>immutarunt,</span> <span class='ocrx_word' id='word_1_84' title='bbox 718 1689 833 1736; x_wconf 83' lang='lat' dir='ltr'>qnatenus</span> 
     </span>
    </p>

    <p class='ocr_par' dir='ltr' id='par_1_10' title="bbox 51 1741 871 2582">
     <span class='ocr_line' id='line_1_15' title="bbox 70 1741 834 1792; baseline -0.001 -13"><span class='ocrx_word' id='word_1_85' title='bbox 70 1742 190 1780; x_wconf 87' lang='lat' dir='ltr'>notionum</span> <span class='ocrx_word' id='word_1_86' title='bbox 204 1742 272 1790; x_wconf 75' lang='lat' dir='ltr'>signa</span> <span class='ocrx_word' id='word_1_87' title='bbox 286 1744 352 1789; x_wconf 91' lang='lat' dir='ltr'>sunt,</span> <span class='ocrx_word' id='word_1_88' title='bbox 372 1744 476 1792; x_wconf 86' lang='lat' dir='ltr'>potestas</span> <span class='ocrx_word' id='word_1_89' title='bbox 494 1742 526 1780; x_wconf 88' lang='lat' dir='ltr'>sit</span> <span class='ocrx_word' id='word_1_90' title='bbox 544 1744 607 1780; x_wconf 85' lang='lat' dir='ltr'>nota.</span> <span class='ocrx_word' id='word_1_91' title='bbox 631 1742 687 1779; x_wconf 84' lang='lat' dir='ltr'>Curn</span> <span class='ocrx_word' id='word_1_92' title='bbox 705 1751 761 1779; x_wconf 88' lang='lat' dir='ltr'>vero</span> <span class='ocrx_word' id='word_1_93' title='bbox 776 1741 834 1779; x_wconf 84' lang='lat' dir='ltr'>haee</span> 
     </span>
     <span class='ocr_line' id='line_1_16' title="bbox 70 1792 834 1844; baseline 0 -13"><span class='ocrx_word' id='word_1_94' title='bbox 70 1804 97 1831; x_wconf 86' lang='lat' dir='ltr'>ex</span> <span class='ocrx_word' id='word_1_95' title='bbox 111 1805 156 1831; x_wconf 91' lang='lat' dir='ltr'>usn</span> <span class='ocrx_word' id='word_1_96' title='bbox 170 1794 278 1843; x_wconf 81' lang='lat' dir='ltr'>loquendi</span> <span class='ocrx_word' id='word_1_97' title='bbox 293 1797 455 1843; x_wconf 71' lang='lat' dir='ltr'>cognoscatur,</span> <span class='ocrx_word' id='word_1_98' title='bbox 470 1796 540 1844; x_wconf 88' lang='lat' dir='ltr'>patet,</span> <span class='ocrx_word' id='word_1_99' title='bbox 554 1792 673 1843; x_wconf 77' lang='lat' dir='ltr'>interpreti</span> <span class='ocrx_word' id='word_1_100' title='bbox 687 1795 741 1831; x_wconf 89' lang='lat' dir='ltr'>ante</span> <span class='ocrx_word' id='word_1_101' title='bbox 755 1793 834 1832; x_wconf 81' lang='lat' dir='ltr'>ornnin</span> 
     </span>
     <span class='ocr_line' id='line_1_17' title="bbox 70 1845 834 1897; baseline -0.001 -13"><span class='ocrx_word' id='word_1_102' title='bbox 70 1857 140 1885; x_wconf 83' lang='lat' dir='ltr'>usunr</span> <span class='ocrx_word' id='word_1_103' title='bbox 154 1847 263 1896; x_wconf 82' lang='lat' dir='ltr'>loquendi</span> <span class='ocrx_word' id='word_1_104' title='bbox 277 1848 335 1892; x_wconf 79' lang='lat' dir='ltr'>bene</span> <span class='ocrx_word' id='word_1_105' title='bbox 350 1847 467 1897; x_wconf 68' lang='lat' dir='ltr'>cognitum</span> <span class='ocrx_word' id='word_1_106' title='bbox 482 1850 504 1886; x_wconf 85' lang='lat' dir='ltr'>et</span> <span class='ocrx_word' id='word_1_107' title='bbox 513 1848 584 1896; x_wconf 86' lang='lat' dir='ltr'>probe</span> <span class='ocrx_word' id='word_1_108' title='bbox 594 1845 764 1895; x_wconf 73' lang='lat' dir='ltr'>respiciendum</span> <span class='ocrx_word' id='word_1_109' title='bbox 773 1857 834 1890; x_wconf 86' lang='lat' dir='ltr'>esse,</span> 
     </span>
     <span class='ocr_line' id='line_1_18' title="bbox 70 1899 834 1949; baseline 0 -12"><span class='ocrx_word' id='word_1_110' title='bbox 70 1910 116 1947; x_wconf 83' lang='lat' dir='ltr'>quo</span> <span class='ocrx_word' id='word_1_111' title='bbox 138 1899 229 1938; x_wconf 87' lang='lat' dir='ltr'>dernunr</span> <span class='ocrx_word' id='word_1_112' title='bbox 248 1901 311 1938; x_wconf 87' lang='lat' dir='ltr'>faeto</span> <span class='ocrx_word' id='word_1_113' title='bbox 330 1903 407 1939; x_wconf 84' lang='lat' dir='ltr'>eortus</span> <span class='ocrx_word' id='word_1_114' title='bbox 426 1912 479 1939; x_wconf 87' lang='lat' dir='ltr'>esse</span> <span class='ocrx_word' id='word_1_115' title='bbox 498 1902 586 1949; x_wconf 88' lang='lat' dir='ltr'>potest,</span> <span class='ocrx_word' id='word_1_116' title='bbox 607 1901 695 1937; x_wconf 86' lang='lat' dir='ltr'>reetarn</span> <span class='ocrx_word' id='word_1_117' title='bbox 713 1900 834 1947; x_wconf 83' lang='lat' dir='ltr'>tutnrnque</span> 
     </span>
     <span class='ocr_line' id='line_1_19' title="bbox 70 1951 833 2002; baseline 0.001 -13"><span class='ocrx_word' id='word_1_118' title='bbox 70 1951 131 1990; x_wconf 87' lang='lat' dir='ltr'>viam</span> <span class='ocrx_word' id='word_1_119' title='bbox 150 1952 195 1990; x_wconf 85' lang='lat' dir='ltr'>sihi</span> <span class='ocrx_word' id='word_1_120' title='bbox 214 1955 305 2002; x_wconf 85' lang='lat' dir='ltr'>patere,</span> <span class='ocrx_word' id='word_1_121' title='bbox 326 1964 372 2001; x_wconf 78' lang='lat' dir='ltr'>quta</span> <span class='ocrx_word' id='word_1_122' title='bbox 390 1953 420 1992; x_wconf 87' lang='lat' dir='ltr'>ad</span> <span class='ocrx_word' id='word_1_123' title='bbox 439 1952 592 2002; x_wconf 66' lang='lat' dir='ltr'>cognitionem</span> <span class='ocrx_word' id='word_1_124' title='bbox 611 1962 696 1990; x_wconf 88' lang='lat' dir='ltr'>sensus</span> <span class='ocrx_word' id='word_1_125' title='bbox 717 1951 833 1999; x_wconf 81' lang='lat' dir='ltr'>loquentis</span> 
     </span>
     <span class='ocr_line' id='line_1_20' title="bbox 70 2004 834 2055; baseline 0.001 -13"><span class='ocrx_word' id='word_1_126' title='bbox 70 2004 200 2053; x_wconf 82' lang='lat' dir='ltr'>perveniat,</span> <span class='ocrx_word' id='word_1_127' title='bbox 219 2008 298 2055; x_wconf 84' lang='lat' dir='ltr'>utpote</span> <span class='ocrx_word' id='word_1_128' title='bbox 312 2006 352 2054; x_wconf 86' lang='lat' dir='ltr'>qui</span> <span class='ocrx_word' id='word_1_129' title='bbox 366 2006 428 2055; x_wconf 83' lang='lat' dir='ltr'>ipse,</span> <span class='ocrx_word' id='word_1_130' title='bbox 446 2006 490 2045; x_wconf 89' lang='lat' dir='ltr'>etsi</span> <span class='ocrx_word' id='word_1_131' title='bbox 508 2006 564 2053; x_wconf 80' lang='lat' dir='ltr'>(con.</span> <span class='ocrx_word' id='word_1_132' title='bbox 579 2010 597 2050; x_wconf 85' lang='lat'>§.</span> <span class='ocrx_word' id='word_1_133' title='bbox 611 2006 634 2050; x_wconf 81' lang='lat'>2)</span> <span class='ocrx_word' id='word_1_134' title='bbox 653 2014 700 2042; x_wconf 94' lang='lat' dir='ltr'>non</span> <span class='ocrx_word' id='word_1_135' title='bbox 717 2004 834 2051; x_wconf 66' lang='lat' dir='ltr'>absoluti,</span> 
     </span>
     <span class='ocr_line' id='line_1_21' title="bbox 71 2056 846 2108; baseline 0.003 -15"><span class='ocrx_word' id='word_1_136' title='bbox 71 2056 218 2105; x_wconf 74' lang='lat' dir='ltr'>hypothetica</span> <span class='ocrx_word' id='word_1_137' title='bbox 231 2061 309 2097; x_wconf 81' lang='lat' dir='ltr'>tanuen</span> <span class='ocrx_word' id='word_1_138' title='bbox 324 2061 450 2108; x_wconf 77' lang='lat' dir='ltr'>cogebatur</span> <span class='ocrx_word' id='word_1_139' title='bbox 464 2058 604 2098; x_wconf 83' lang='lat' dir='ltr'>neoessitnte</span> <span class='ocrx_word' id='word_1_140' title='bbox 616 2068 657 2095; x_wconf 86' lang='lat' dir='ltr'>ens</span> <span class='ocrx_word' id='word_1_141' title='bbox 667 2056 773 2094; x_wconf 89' lang='lat' dir='ltr'>notiones</span> <span class='ocrx_word' id='word_1_142' title='bbox 782 2062 846 2095; x_wconf 74' lang='lat' dir='ltr'>eunr&#39;</span> 
     </span>
     <span class='ocr_line' id='line_1_22' title="bbox 70 2110 871 2161; baseline 0.004 -15"><span class='ocrx_word' id='word_1_143' title='bbox 70 2110 175 2161; x_wconf 70' lang='lat' dir='ltr'>vocibus,</span> <span class='ocrx_word' id='word_1_144' title='bbox 189 2111 271 2150; x_wconf 80' lang='lat' dir='ltr'>t&#39;orrnis</span> <span class='ocrx_word' id='word_1_145' title='bbox 285 2124 314 2150; x_wconf 86' lang='lat' dir='ltr'>ae</span> <span class='ocrx_word' id='word_1_146' title='bbox 328 2112 434 2151; x_wconf 77' lang='lat' dir='ltr'>for-nudis</span> <span class='ocrx_word' id='word_1_147' title='bbox 449 2111 599 2159; x_wconf 75' lang='lat' dir='ltr'>eorrjrrrrgere,</span> <span class='ocrx_word' id='word_1_148' title='bbox 614 2120 681 2158; x_wconf 83' lang='lat' dir='ltr'>quae,</span> <span class='ocrx_word' id='word_1_149' title='bbox 696 2111 720 2147; x_wconf 91' lang='lat' dir='ltr'>ut</span> <span class='ocrx_word' id='word_1_150' title='bbox 735 2121 787 2148; x_wconf 84' lang='lat' dir='ltr'>onnr</span> <span class='ocrx_word' id='word_1_151' title='bbox 797 2110 834 2149; x_wconf 90' lang='lat' dir='ltr'>his</span> <span class='ocrx_word' id='word_1_152' title='bbox 870 2135 871 2138; x_wconf 58' lang='lat'><em>=</em></span> 
     </span>
     <span class='ocr_line' id='line_1_23' title="bbox 70 2161 626 2213; baseline 0 -13"><span class='ocrx_word' id='word_1_153' title='bbox 70 2161 275 2211; x_wconf 81' lang='lat' dir='ltr'>conjungerentur,</span> <span class='ocrx_word' id='word_1_154' title='bbox 289 2176 347 2203; x_wconf 89' lang='lat' dir='ltr'>usus</span> <span class='ocrx_word' id='word_1_155' title='bbox 362 2164 471 2213; x_wconf 88' lang='lat' dir='ltr'>loquendi</span> <span class='ocrx_word' id='word_1_156' title='bbox 485 2163 626 2213; x_wconf 77' lang='lat' dir='ltr'>postulabat.</span> 
     </span>
     <span class='ocr_line' id='line_1_24' title="bbox 124 2214 835 2266; baseline 0.003 -14"><span class='ocrx_word' id='word_1_157' title='bbox 124 2214 238 2262; x_wconf 73' lang='lat' dir='ltr'>objectio.</span> <span class='ocrx_word' id='word_1_158' title='bbox 252 2216 313 2256; x_wconf 88' lang='lat' dir='ltr'>Usus</span> <span class='ocrx_word' id='word_1_159' title='bbox 322 2216 429 2265; x_wconf 84' lang='lat' dir='ltr'>loquendi</span> <span class='ocrx_word' id='word_1_160' title='bbox 441 2216 532 2265; x_wconf 81' lang='lat' dir='ltr'>linguae</span> <span class='ocrx_word' id='word_1_161' title='bbox 542 2214 647 2266; x_wconf 82' lang='lat' dir='ltr'>cujusvis</span> <span class='ocrx_word' id='word_1_162' title='bbox 657 2226 769 2256; x_wconf 83' lang='lat' dir='ltr'>sueoessu</span> <span class='ocrx_word' id='word_1_163' title='bbox 779 2218 835 2254; x_wconf 85' lang='lat' dir='ltr'>tern-</span> 
     </span>
     <span class='ocr_line' id='line_1_25' title="bbox 70 2266 867 2319; baseline 0 -13"><span class='ocrx_word' id='word_1_164' title='bbox 70 2268 135 2317; x_wconf 89' lang='lat' dir='ltr'>poris</span> <span class='ocrx_word' id='word_1_165' title='bbox 153 2268 233 2319; x_wconf 79' lang='lat' dir='ltr'>varias</span> <span class='ocrx_word' id='word_1_166' title='bbox 252 2270 314 2307; x_wconf 86' lang='lat' dir='ltr'>subit</span> <span class='ocrx_word' id='word_1_167' title='bbox 332 2269 485 2316; x_wconf 84' lang='lat' dir='ltr'>mutationes,</span> <span class='ocrx_word' id='word_1_168' title='bbox 505 2268 559 2307; x_wconf 83' lang='lat' dir='ltr'>drrrn</span> <span class='ocrx_word' id='word_1_169' title='bbox 576 2269 613 2307; x_wconf 92' lang='lat' dir='ltr'>vel</span> <span class='ocrx_word' id='word_1_170' title='bbox 632 2274 652 2314; x_wconf 86' lang='lat' dir='ltr'>a)</span> <span class='ocrx_word' id='word_1_171' title='bbox 667 2267 732 2317; x_wconf 82' lang='lat' dir='ltr'>ipsae</span> <span class='ocrx_word' id='word_1_172' title='bbox 750 2280 834 2308; x_wconf 87' lang='lat' dir='ltr'>voeurn</span> <span class='ocrx_word' id='word_1_173' title='bbox 866 2266 867 2269; x_wconf 72' lang='grc'>’</span> 
     </span>
     <span class='ocr_line' id='line_1_26' title="bbox 70 2321 834 2370; baseline 0.001 -12"><span class='ocrx_word' id='word_1_174' title='bbox 70 2321 177 2359; x_wconf 91' lang='lat' dir='ltr'>notiones</span> <span class='ocrx_word' id='word_1_175' title='bbox 196 2321 356 2370; x_wconf 75' lang='lat' dir='ltr'>per-lieiuntnr3</span> <span class='ocrx_word' id='word_1_176' title='bbox 374 2322 412 2359; x_wconf 89' lang='lat' dir='ltr'>vel</span> <span class='ocrx_word' id='word_1_177' title='bbox 431 2322 452 2367; x_wconf 82' lang='lat' dir='ltr'>b)</span> <span class='ocrx_word' id='word_1_178' title='bbox 470 2332 544 2359; x_wconf 89' lang='lat' dir='ltr'>novae</span> <span class='ocrx_word' id='word_1_179' title='bbox 560 2332 631 2360; x_wconf 82' lang='lat' dir='ltr'>voees</span> <span class='ocrx_word' id='word_1_180' title='bbox 650 2332 771 2370; x_wconf 81' lang='lat' dir='ltr'>novaeque</span> <span class='ocrx_word' id='word_1_181' title='bbox 789 2321 834 2370; x_wconf 92' lang='lat' dir='ltr'>pri·</span> 
     </span>
     <span class='ocr_line' id='line_1_27' title="bbox 70 2372 834 2422; baseline 0.001 -11"><span class='ocrx_word' id='word_1_182' title='bbox 70 2373 186 2416; x_wconf 85' lang='lat' dir='ltr'>stinarunr</span> <span class='ocrx_word' id='word_1_183' title='bbox 206 2384 290 2412; x_wconf 84' lang='lat' dir='ltr'>voernn</span> <span class='ocrx_word' id='word_1_184' title='bbox 308 2372 490 2421; x_wconf 79' lang='lat' dir='ltr'>significationes</span> <span class='ocrx_word' id='word_1_185' title='bbox 508 2373 660 2421; x_wconf 76' lang='lat' dir='ltr'>induenntur3</span> <span class='ocrx_word' id='word_1_186' title='bbox 680 2374 717 2411; x_wconf 89' lang='lat' dir='ltr'>vel</span> <span class='ocrx_word' id='word_1_187' title='bbox 736 2374 834 2422; x_wconf 86' lang='lat' dir='ltr'>denique</span> 
     </span>
     <span class='ocr_line' id='line_1_28' title="bbox 71 2426 843 2475; baseline 0.003 -13"><span class='ocrx_word' id='word_1_188' title='bbox 71 2428 92 2471; x_wconf 77' lang='lat' dir='ltr'>c)</span> <span class='ocrx_word' id='word_1_189' title='bbox 107 2427 223 2465; x_wconf 72' lang='lat' dir='ltr'>certarunt</span> <span class='ocrx_word' id='word_1_190' title='bbox 238 2436 320 2463; x_wconf 80' lang='lat' dir='ltr'>roourn</span> <span class='ocrx_word' id='word_1_191' title='bbox 335 2426 480 2473; x_wconf 75' lang='lat' dir='ltr'>significatus</span> <span class='ocrx_word' id='word_1_192' title='bbox 494 2426 585 2475; x_wconf 87' lang='lat' dir='ltr'>pristini</span> <span class='ocrx_word' id='word_1_193' title='bbox 600 2426 759 2474; x_wconf 73' lang='lat' dir='ltr'>obliterantur,</span> <span class='ocrx_word' id='word_1_194' title='bbox 774 2428 797 2465; x_wconf 90' lang='lat' dir='ltr'>et</span> <span class='ocrx_word' id='word_1_195' title='bbox 810 2426 843 2465; x_wconf 87' lang='lat' dir='ltr'>in.</span> 
     </span>
     <span class='ocr_line' id='line_1_29' title="bbox 56 2477 833 2526; baseline 0.003 -11"><span class='ocrx_word' id='word_1_196' title='bbox 56 2479 148 2526; x_wconf 70' lang='lat' dir='ltr'>&#39;speeie</span> <span class='ocrx_word' id='word_1_197' title='bbox 162 2478 278 2517; x_wconf 81' lang='lat' dir='ltr'>voeabula</span> <span class='ocrx_word' id='word_1_198' title='bbox 292 2477 369 2516; x_wconf 84' lang='lat' dir='ltr'>nredia</span> <span class='ocrx_word' id='word_1_199' title='bbox 383 2480 423 2516; x_wconf 87' lang='lat' dir='ltr'>aut</span> <span class='ocrx_word' id='word_1_200' title='bbox 437 2479 497 2517; x_wconf 87' lang='lat' dir='ltr'>bono</span> <span class='ocrx_word' id='word_1_201' title='bbox 511 2480 613 2525; x_wconf 79' lang='lat' dir='ltr'>tautum,</span> <span class='ocrx_word' id='word_1_202' title='bbox 628 2479 668 2516; x_wconf 85' lang='lat' dir='ltr'>aut</span> <span class='ocrx_word' id='word_1_203' title='bbox 682 2480 757 2519; x_wconf 86' lang='lat' dir='ltr'>soturn</span> <span class='ocrx_word' id='word_1_204' title='bbox 771 2480 833 2518; x_wconf 73' lang='lat' dir='ltr'>nuato</span> 
     </span>
     <span class='ocr_line' id='line_1_30' title="bbox 51 2529 834 2582; baseline 0.004 -15"><span class='ocrx_word' id='word_1_205' title='bbox 51 2558 53 2563; x_wconf 90' lang='lat'><em>.</em></span> <span class='ocrx_word' id='word_1_206' title='bbox 70 2529 203 2578; x_wconf 73' lang='lat' dir='ltr'>¹significatu</span> <span class='ocrx_word' id='word_1_207' title='bbox 217 2531 357 2570; x_wconf 79' lang='lat' dir='ltr'>adhibentur</span> <span class='ocrx_word' id='word_1_208' title='bbox 367 2530 389 2581; x_wconf 82' lang='lat'>¹).</span> <span class='ocrx_word' id='word_1_209' title='bbox 411 2530 526 2581; x_wconf 84' lang='lat' dir='ltr'>interpres</span> <span class='ocrx_word' id='word_1_210' title='bbox 545 2532 624 2579; x_wconf 86' lang='lat' dir='ltr'>itaque</span> <span class='ocrx_word' id='word_1_211' title='bbox 642 2542 688 2569; x_wconf 93' lang='lat' dir='ltr'>nou</span> <span class='ocrx_word' id='word_1_212' title='bbox 702 2534 752 2572; x_wconf 90' lang='lat' dir='ltr'>tuto</span> <span class='ocrx_word' id='word_1_213' title='bbox 766 2532 834 2582; x_wconf 77' lang='lat' dir='ltr'>sequi</span> 
     </span>
    </p>
   </div>
   <div class='ocr_carea' id='block_1_10' title="bbox 92 2660 638 2748">
    <p class='ocr_par' dir='ltr' id='par_1_11' title="bbox 92 2660 638 2748">
     <span class='ocr_line' id='line_1_31' title="bbox 92 2660 600 2704; baseline 0 -11"><span class='ocrx_word' id='word_1_214' title='bbox 92 2661 110 2701; x_wconf 78' lang='lat' dir='ltr'>i)</span> <span class='ocrx_word' id='word_1_215' title='bbox 124 2660 181 2698; x_wconf 74' lang='lat' dir='ltr'>„tiana</span> <span class='ocrx_word' id='word_1_216' title='bbox 192 2669 301 2701; x_wconf 75' lang='lat' dir='ltr'>renascentur,</span> <span class='ocrx_word' id='word_1_217' title='bbox 313 2673 354 2704; x_wconf 80' lang='lat' dir='ltr'>qrrao</span> <span class='ocrx_word' id='word_1_218' title='bbox 365 2662 398 2702; x_wconf 82' lang='lat' dir='ltr'>jnnr</span> <span class='ocrx_word' id='word_1_219' title='bbox 412 2663 491 2699; x_wconf 68' lang='lat' dir='ltr'>corridere,</span> <span class='ocrx_word' id='word_1_220' title='bbox 503 2662 600 2704; x_wconf 76' lang='lat' dir='ltr'>cadentque-</span> 
     </span>
     <span class='ocr_line' id='line_1_32' title="bbox 125 2705 638 2748; baseline 0.01 -15"><span class='ocrx_word' id='word_1_221' title='bbox 125 2705 170 2748; x_wconf 71' lang='lat' dir='ltr'>Qune</span> <span class='ocrx_word' id='word_1_222' title='bbox 182 2714 224 2735; x_wconf 85' lang='lat' dir='ltr'>rrune</span> <span class='ocrx_word' id='word_1_223' title='bbox 236 2711 277 2746; x_wconf 83' lang='lat' dir='ltr'>sunt,</span> <span class='ocrx_word' id='word_1_224' title='bbox 287 2706 383 2737; x_wconf 54' lang='lat' dir='ltr'>noearbuiast‘</span> <span class='ocrx_word' id='word_1_225' title='bbox 406 2705 459 2737; x_wconf 83' lang='lat' dir='ltr'>Horat.</span> <span class='ocrx_word' id='word_1_226' title='bbox 470 2706 486 2736; x_wconf 92' lang='lat' dir='ltr'>in</span> <span class='ocrx_word' id='word_1_227' title='bbox 498 2715 523 2745; x_wconf 75' lang='lat' dir='ltr'>up.</span> <span class='ocrx_word' id='word_1_228' title='bbox 536 2705 556 2736; x_wconf 78' lang='lat' dir='ltr'>nd</span> <span class='ocrx_word' id='word_1_229' title='bbox 567 2706 638 2738; x_wconf 83' lang='lat' dir='ltr'>Pisones.</span> 
     </span>
    </p>
   </div>
   <div class='ocr_carea' id='block_1_11' title="bbox 0 0 894 2921">
    <p class='ocr_par' dir='ltr' id='par_1_12' title="bbox 0 0 894 2921">
     <span class='ocr_line' id='line_1_33' title="bbox 0 0 894 2921; baseline 0 0"><span class='ocrx_word' id='word_1_230' title='bbox 0 0 894 2921; x_wconf 95' lang='lat' dir='ltr'> </span> 
     </span>
    </p>
   </div>
  </div>
 </body>
</html>
