1765 2921
69 102 99 139 80

69 199 122 232 tasse
135 194 231 233 hominem
246 194 357 243 aulicum¹).
368 217 392 222 -
406 193 459 233 Philo
470 193 533 245 docet,
547 207 614 235 vocem
626 195 712 245 dysaliae,
726 206 775 245 quae
785 196 834 246 apud

71 247 156 288 Graecos
175 249 266 299 profanos
285 260 324 289 non
341 249 422 301 legitur,
440 249 518 291 ludaeis
537 254 645 302 usurpatam
662 249 722 290 luisse
741 250 765 289 de
784 250 834 290 testo

71 303 196 341 dedicationis
216 315 289 341 annuae
308 301 405 349 (τιὶφῶτα
419 304 469 352 apud
488 305 530 343 Jos.
543 306 591 352 lit),
611 304 662 352 quod
680 305 746 342 incidit
764 305 783 341 in
802 305 834 343 25.
865 350 867 352 Ι

71 354 134 391 Gislev
149 355 291 400 (Decembris),
307 355 395 402 quodque
409 356 468 392 Judas
482 357 620 394 hlacehahaeus
634 357 714 393 inst-ituit
727 357 746 392 in
761 366 834 392 memo-

70 407 117 441 riam
131 407 195 453 templi
213 406 379 453 Hierosolymitani
398 408 473 455 purgati
487 419 498 443 a
512 408 601 444 sordibus
618 406 708 443 Antiochi
724 406 834 453 Epiphanis‚

70 457 102 505 qui
116 456 162 493 illud
177 467 211 506 per
225 457 326 494 triennium
340 456 483 506 profanaverat,
497 459 523 495 ita
537 460 590 496 utin
604 468 636 496 ara
650 457 736 496 Jehovae
750 457 786 494 diis
800 467 835 494 sa-

56 509 176 559 crificaret,
195 509 284 561 idemque
298 510 363 550 facere
377 509 462 551 Judaeos
474 512 561 563 juheret3
579 513 663 563 operatua
677 524 688 551 a
701 510 779 551 ludaeis
798 509 834 549 ad-

31 569 33 572 ’
70 564 148 603 hibitam
163 576 207 603 esse
221 564 245 602 de
259 565 309 603 festo
324 566 445 614 expiationis,
460 568 510 615 quod
524 568 544 604 in
559 568 589 606 10.
603 567 677 604 Tischri
685 565 793 612 (Octobris)
803 565 835 602 in-

72 616 127 661 eidu3
146 616 197 653 unde
215 616 307 654 Actorum
325 616 381 654 locus
399 628 457 666 supra
476 620 542 655 citatus
562 619 641 668 egregie
659 619 773 661 illustratum
791 627 835 653 nam

70 671 158 714 tempore
171 667 222 704 illius
236 668 282 704 festi
295 669 391 717 navigatio
405 670 425 705 in
439 669 486 705 mari
499 669 638 706 mediterraneo
652 680 688 717 per
699 669 783 706 turbines
793 667 835 704 fere

73 719 163 755 continuo
178 723 292 756 enascentes
306 719 362 756 valde
375 720 484 768 periculosa
497 720 583 757 redditur
588 719 613 765 ²).

127 770 150 811 3.
164 771 303 823 Apoerppha
316 771 343 812 V.
358 774 381 812 et
393 772 419 813 N.
428 772 453 812 T.
468 783 561 822 graeca,
575 772 624 813 sive
639 784 653 812 a
667 771 771 816 ludaeis,
786 770 836 811 sive

74 837 89 864 a
103 826 351 865 Judaeo-Ghristianis
365 828 484 873 confecta,
502 837 612 874 magnum
625 827 712 865 hahent
725 836 794 864 usum
808 836 836 863 ae

73 879 215 915 lineamentum
234 883 323 924 eatenus,
343 882 435 925 quatenus
454 880 477 922 a)
491 879 544 926 plura
559 889 624 915 eorum
644 879 667 914 ad
681 879 740 924 ipsam
755 881 835 913 aetatem

73 928 166 965 librorum
183 929 295 965 hihlicorum
315 939 387 976 graece
407 930 520 965 exstantium
541 931 644 977 attingunt,
664 928 696 964 vel
713 928 779 965 sall-em
797 938 837 964 non

73 980 132 1017 multo
151 978 174 1016 ab
193 990 216 1017 ea
235 979 313 1024 distant;
332 983 424 1027 quatenus
445 979 467 1024 b)
481 979 575 1017 versionis
593 980 686 1017 rationem
704 990 743 1016 non
760 978 836 1025 hahent,

73 1031 193 1082 proindeque
207 1032 312 1082 periculum
326 1043 364 1071 non
379 1031 439 1080 adest,
452 1043 477 1070 ne
492 1036 600 1072 contextum
612 1032 664 1084 justo
679 1033 740 1085 magis
749 1042 836 1081 sequen-

74 1089 103 1124 tes
115 1086 191 1136 judices
206 1087 275 1135 potius,
291 1097 345 1134 quam
359 1090 420 1125 testes
434 1097 480 1124 usus
495 1087 586 1135 loquendi
597 1092 663 1137 agant;
678 1091 770 1135 quatenus
779 1086 836 1123 deni-

73 1149 111 1185 que
125 1141 146 1182 c)
161 1139 288 1183 incrementa,
303 1148 352 1184 quae
365 1149 412 1175 usus
426 1139 517 1184 loquendi
530 1149 612 1187 graecus
626 1138 741 1175 ludaeorum
754 1138 799 1174 inde
813 1137 836 1173 ab

73 1189 149 1238 origine
163 1190 258 1226 versionis
272 1190 324 1236 Sept.
339 1190 395 1237 cepit,
410 1190 472 1226 exiis
487 1191 580 1238 cognosci
594 1188 705 1237 possunt³).

73 1434 107 1471 lle
121 1433 224 1472 forrtihus
238 1436 261 1472 et
275 1434 387 1472 subsidiis
401 1446 460 1473 usus
469 1435 578 1484 loquendi
589 1435 615 1473 N.
624 1436 662 1482 lt,
676 1437 791 1483 qrraterms
801 1435 837 1471 est

419 1529 440 1580 §-
455 1527 493 1569 as.

405 1599 508 1632 Christianus.

129 1672 181 1710 Huc
194 1671 309 1719 pertinent
322 1674 415 1719 praeter
428 1673 548 1709 versiones
563 1671 672 1718 antiquas

130 1722 150 1759 1.
168 1722 252 1759 Patres
266 1724 416 1761 uolitantum
430 1723 515 1771 graeei,
530 1723 572 1760 sed
586 1724 609 1759 et
622 1721 700 1768 latini,
715 1723 837 1770 quatenus,

76 1772 97 1812 si
112 1773 135 1812 in
150 1773 220 1812 rehus
234 1773 288 1812 fidei
303 1785 432 1813 acinorum
443 1774 627 1814 Christianorum
635 1772 775 1812 unanimiter
785 1784 838 1811 eou-

76 1827 190 1877 seutiuut,
211 1837 239 1866 ex
256 1827 310 1866 viva
328 1828 491 1879 Apostolorum
511 1827 635 1867 traditione
656 1827 765 1867 hausisse
786 1838 838 1866 een-
859 1843 861 1846 ·

77 1882 144 1919 semli
158 1883 221 1927 sunt,
235 1881 350 1928 quomodo
364 1882 456 1921 termini
469 1882 576 1930 religioni
590 1881 736 1919 Christianae
750 1879 838 1929 proprii

75 1932 123 1970 siut
135 1932 284 1979 intelligendi.

129 1983 151 2020 2.
165 1982 313 2020 Scholiastae
322 1985 345 2021 et
354 1983 498 2031 glossator-es
513 1982 621 2031 superius
635 1982 656 2030 ἕ.
667 1981 704 2019 46.
718 1981 838 2027 nominati,

77 2035 156 2083 utpote
167 2034 210 2084 ,qui
223 2044 270 2073 uon
283 2036 374 2074 tantum
387 2034 579 2085 usumloqueudi
593 2044 703 2083 graccum
712 2033 736 2071 iu
747 2043 839 2082 genere,

78 2087 121 2126 sed
134 2089 157 2126 et
170 2087 310 2138 peculiarem
323 2088 349 2129 N.
364 2089 389 2129 Τ.
403 2088 522 2130 illustrare
536 2087 614 2128 conati
627 2086 712 2139 suut‘h.

99 2241 118 2281 r)
128 2240 182 2278 amm.
197 2240 212 2278 a,
223 2240 238 2277 8,
251 2240 276 2270 14.
288 2246 304 2271 ev
313 2241 331 2271 Β.
342 2242 356 2272 J.
367 2242 383 2278 2,
395 2241 422 2278 ao,
433 2241 458 2277 5.;
472 2239 527 2280 emm.
538 2239 564 2278 15,
576 2240 591 2277 a,
603 2239 618 2270 t.
630 2240 650 2270 ai.
664 2240 703 2271 iura.
714 2241 730 2277 r,
742 2240 768 2276 ra,
780 2240 795 2279 r.
813 2240 839 2277 17,

132 2281 158 2320 10,
170 2280 185 2311 3.
197 2281 212 2311 6.
223 2280 263 2312 Bell.
272 2281 307 2320 jud.
319 2282 335 2322 1,
348 2282 363 2321 1,
375 2283 390 2312 5.
402 2281 435 2312 Ch.
446 2280 486 2311 Toh.
497 2280 559 2312 llrehsii
571 2280 691 2313 ohservationes
702 2282 718 2312 in
729 2280 773 2312 111.
784 2280 839 2312 eFla-

130 2324 157 2355 vio
169 2321 202 2355 Jos.
213 2322 255 2364 Lips.
265 2324 313 2356 1755.

99 2368 117 2410 2)
130 2367 163 2400 Gir.
178 2365 268 2407 christoph.
282 2367 325 2399 Frid.
340 2366 434 2399 Loeschner
451 2366 572 2399 ohservationes
589 2367 609 2398 ad
623 2366 642 2400 Ν.
656 2366 673 2398 Τ.
688 2376 698 2397 e
712 2366 779 2399 Philone
794 2366 840 2399 Alex.

131 2411 148 2442 hi
160 2420 173 2440 s.
185 2410 232 2441 1777.
481 2421 483 2427 ’

100 2452 118 2491 3)
131 2421 187 2482 Copder
198 2451 326 2490 apocryphorum
336 2451 355 2481 lt.
366 2451 383 2480 T.
396 2451 447 2480 editus
458 2460 467 2480 a
478 2451 551 2482 Fabricio
565 2451 651 2490 llamhurgi
662 2450 720 2489 (altera
731 2451 776 2489 edit)
788 2451 840 2487 17193

132 2494 219 2522 auctarium
236 2492 297 2521 codicis
313 2491 440 2529 apocryphorum
455 2492 492 2522 edit.
507 2501 516 2521 a
529 2492 586 2529 Bheh,
601 2491 772 2531 Kopenhagae1sol;
787 2491 840 2521 Thilo:

133 2532 185 2562 codex
196 2531 324 2572 apocryphorum
335 2531 354 2562 N.
365 2531 382 2561 T.
393 2531 436 2571 Lips.
447 2531 489 2561 1832
501 2532 520 2571 (l.
532 2533 583 2571 pars).
773 2543 775 2546 ·

100 2574 119 2613 4)
131 2574 196 2605 Glossas
208 2583 262 2605 sacras
274 2573 293 2604 ah
305 2572 336 2604 illis
347 2573 385 2604 viris
396 2578 458 2604 notatas
473 2572 539 2614 selegit,
554 2578 571 2603 et
584 2571 661 2613 peculiari
675 2572 731 2604 libello
747 2573 840 2615 complexus

134 2622 159 2648 est
170 2615 247 2651 Ernesti
259 2616 289 2649 sub
301 2616 333 2648 hoc
344 2615 398 2649 titulo:
413 2615 472 2648 Suidac
483 2621 500 2647 et
515 2615 599 2648 Phavorini
610 2614 675 2657 glossae
690 2626 746 2648 sacrae
758 2626 795 2648 cum
806 2617 840 2658 spi-

135 2659 193 2700 cilegio
205 2662 294 2702 glossarum
305 2670 386 2692 sacrarum
397 2659 473 2701 Hesychii
484 2665 500 2691 et
511 2659 617 2701 Etpmologici
627 2662 687 2702 nragni,
698 2660 761 2701 Lipsiae
772 2660 812 2691 1781
825 2664 841 2690 et

135 2701 181 2732 1787.
191 2721 213 2726 -—
227 2703 292 2734 Scholia
303 2708 358 2735 notatu
369 2703 442 2743 digniora
457 2707 535 2743 congesta
546 2703 647 2742 reperiuntur
657 2704 672 2733 in
683 2702 787 2743 sequentihus
799 2711 840 2742 ope-
