<?xml version="1.0" encoding="UTF-8"?>
<!DOCTYPE html PUBLIC "-//W3C//DTD XHTML 1.0 Transitional//EN"
    "http://www.w3.org/TR/xhtml1/DTD/xhtml1-transitional.dtd">
<html xmlns="http://www.w3.org/1999/xhtml" xml:lang="en" lang="en">
 <head>
  <title>
</title>
<meta http-equiv="Content-Type" content="text/html;charset=utf-8" />
  <meta name='ocr-system' content='tesseract 3.04.00' />
  <meta name='ocr-capabilities' content='ocr_page ocr_carea ocr_par ocr_line ocrx_word'/>
</head>
<body>
  <div class='ocr_page' id='page_1' title='image "./MN41624ucmf_7_0061.png"; bbox 0 0 1787 2921; ppageno 0'>
   <div class='ocr_carea' id='block_1_1' title="bbox 761 85 789 124">
    <p class='ocr_par' dir='ltr' id='par_1_1' title="bbox 761 85 789 124">
     <span class='ocr_line' id='line_1_1' title="bbox 761 85 789 124; baseline 0 0"><span class='ocrx_word' id='word_1_1' title='bbox 761 85 789 124; x_wconf 68' lang='lat'>27</span> 
     </span>
    </p>
   </div>
   <div class='ocr_carea' id='block_1_2' title="bbox 28 185 800 2489">
    <p class='ocr_par' dir='ltr' id='par_1_2' title="bbox 28 185 792 288">
     <span class='ocr_line' id='line_1_2' title="bbox 28 185 791 235; baseline -0.008 -8"><span class='ocrx_word' id='word_1_2' title='bbox 28 187 185 235; x_wconf 75' lang='lat' dir='ltr'>interpretatione</span> <span class='ocrx_word' id='word_1_3' title='bbox 199 187 305 235; x_wconf 86' lang='lat' dir='ltr'>supposita,</span> <span class='ocrx_word' id='word_1_4' title='bbox 320 186 366 224; x_wconf 90' lang='lat' dir='ltr'>alias</span> <span class='ocrx_word' id='word_1_5' title='bbox 379 186 449 224; x_wconf 88' lang='lat' dir='ltr'>deinde</span> <span class='ocrx_word' id='word_1_6' title='bbox 460 185 578 234; x_wconf 81' lang='lat' dir='ltr'>adJ&#39;eeerunt,</span> <span class='ocrx_word' id='word_1_7' title='bbox 593 195 641 232; x_wconf 82' lang='lat' dir='ltr'>quae</span> <span class='ocrx_word' id='word_1_8' title='bbox 652 196 719 233; x_wconf 89' lang='lat' dir='ltr'>scope,</span> <span class='ocrx_word' id='word_1_9' title='bbox 735 195 791 232; x_wconf 92' lang='lat' dir='ltr'>quem</span> 
     </span>
     <span class='ocr_line' id='line_1_3' title="bbox 28 236 792 288; baseline -0.009 -9"><span class='ocrx_word' id='word_1_10' title='bbox 28 237 156 285; x_wconf 84' lang='lat' dir='ltr'>intendebant,</span> <span class='ocrx_word' id='word_1_11' title='bbox 171 240 232 288; x_wconf 83' lang='lat' dir='ltr'>magis</span> <span class='ocrx_word' id='word_1_12' title='bbox 247 243 365 287; x_wconf 78' lang='lat' dir='ltr'>opportunae</span> <span class='ocrx_word' id='word_1_13' title='bbox 376 240 422 287; x_wconf 90' lang='lat' dir='ltr'>ipsis</span> <span class='ocrx_word' id='word_1_14' title='bbox 432 239 486 275; x_wconf 86' lang='lat' dir='ltr'>visae</span> <span class='ocrx_word' id='word_1_15' title='bbox 496 241 545 282; x_wconf 90' lang='lat' dir='ltr'>sunt,</span> <span class='ocrx_word' id='word_1_16' title='bbox 559 248 578 273; x_wconf 89' lang='lat' dir='ltr'>v.</span> <span class='ocrx_word' id='word_1_17' title='bbox 587 248 606 285; x_wconf 82' lang='lat' dir='ltr'>g.</span> <span class='ocrx_word' id='word_1_18' title='bbox 617 236 640 272; x_wconf 89' lang='lat' dir='ltr'>ad</span> <span class='ocrx_word' id='word_1_19' title='bbox 650 237 680 273; x_wconf 80' lang='lat' dir='ltr'>llll.</span> <span class='ocrx_word' id='word_1_20' title='bbox 693 237 723 283; x_wconf 76' lang='lat'>16,</span> <span class='ocrx_word' id='word_1_21' title='bbox 736 237 792 282; x_wconf 81' lang='lat'><em>181).</em></span> 
     </span>
    </p>

    <p class='ocr_par' dir='ltr' id='par_1_3' title="bbox 29 288 797 906">
     <span class='ocr_line' id='line_1_4' title="bbox 81 288 791 335; baseline -0.004 -8"><span class='ocrx_word' id='word_1_22' title='bbox 81 293 113 335; x_wconf 82' lang='lat' dir='ltr'>oe)</span> <span class='ocrx_word' id='word_1_23' title='bbox 127 290 159 327; x_wconf 91' lang='lat' dir='ltr'>Ne</span> <span class='ocrx_word' id='word_1_24' title='bbox 173 290 292 327; x_wconf 80' lang='lat' dir='ltr'>doctrinae</span> <span class='ocrx_word' id='word_1_25' title='bbox 306 291 418 328; x_wconf 90' lang='lat' dir='ltr'>ecclesiae</span> <span class='ocrx_word' id='word_1_26' title='bbox 432 301 501 327; x_wconf 90' lang='lat' dir='ltr'>usum</span> <span class='ocrx_word' id='word_1_27' title='bbox 515 288 545 325; x_wconf 86' lang='lat' dir='ltr'>ad</span> <span class='ocrx_word' id='word_1_28' title='bbox 560 299 588 325; x_wconf 89' lang='lat' dir='ltr'>ea</span> <span class='ocrx_word' id='word_1_29' title='bbox 598 289 715 334; x_wconf 78' lang='lat' dir='ltr'>extendas,</span> <span class='ocrx_word' id='word_1_30' title='bbox 730 300 791 335; x_wconf 85' lang='lat' dir='ltr'>quae</span> 
     </span>
     <span class='ocr_line' id='line_1_5' title="bbox 29 339 792 390; baseline -0.005 -11"><span class='ocrx_word' id='word_1_31' title='bbox 29 344 92 381; x_wconf 85' lang='lat' dir='ltr'>extra</span> <span class='ocrx_word' id='word_1_32' title='bbox 111 339 163 388; x_wconf 90' lang='lat' dir='ltr'>ejus</span> <span class='ocrx_word' id='word_1_33' title='bbox 182 342 306 390; x_wconf 79' lang='lat' dir='ltr'>sphaeram</span> <span class='ocrx_word' id='word_1_34' title='bbox 325 344 379 379; x_wconf 88' lang='lat' dir='ltr'>sunt</span> <span class='ocrx_word' id='word_1_35' title='bbox 397 342 455 388; x_wconf 87' lang='lat' dir='ltr'>sita,</span> <span class='ocrx_word' id='word_1_36' title='bbox 473 353 491 378; x_wconf 89' lang='lat' dir='ltr'>v.</span> <span class='ocrx_word' id='word_1_37' title='bbox 505 352 524 390; x_wconf 82' lang='lat' dir='ltr'>g.</span> <span class='ocrx_word' id='word_1_38' title='bbox 539 340 563 376; x_wconf 88' lang='lat' dir='ltr'>ad</span> <span class='ocrx_word' id='word_1_39' title='bbox 576 350 608 376; x_wconf 88' lang='lat' dir='ltr'>res</span> <span class='ocrx_word' id='word_1_40' title='bbox 622 339 666 375; x_wconf 81' lang='lat' dir='ltr'>filei</span> <span class='ocrx_word' id='word_1_41' title='bbox 686 344 705 376; x_wconf 86' lang='lat' dir='ltr'>et</span> <span class='ocrx_word' id='word_1_42' title='bbox 719 351 792 376; x_wconf 89' lang='lat' dir='ltr'>morum</span> 
     </span>
     <span class='ocr_line' id='line_1_6' title="bbox 29 391 795 443; baseline -0.005 -10"><span class='ocrx_word' id='word_1_43' title='bbox 29 394 150 433; x_wconf 79' lang='lat' dir='ltr'>ludaeorum.</span> <span class='ocrx_word' id='word_1_44' title='bbox 260 440 262 443; x_wconf 15' lang='lat' dir='ltr'><em>r</em></span> <span class='ocrx_word' id='word_1_45' title='bbox 386 394 389 399; x_wconf 90' lang='lat'>&#39;</span> <span class='ocrx_word' id='word_1_46' title='bbox 524 391 527 397; x_wconf 84' lang='grc'><em>“</em></span> <span class='ocrx_word' id='word_1_47' title='bbox 789 413 795 419; x_wconf 40' lang='grc' dir='ltr'>κ</span> 
     </span>
     <span class='ocr_line' id='line_1_7' title="bbox 81 444 793 495; baseline -0.003 -11"><span class='ocrx_word' id='word_1_48' title='bbox 81 447 118 492; x_wconf 81' lang='lat' dir='ltr'>old)</span> <span class='ocrx_word' id='word_1_49' title='bbox 131 445 163 484; x_wconf 87' lang='lat' dir='ltr'>h&#39;e</span> <span class='ocrx_word' id='word_1_50' title='bbox 177 445 322 494; x_wconf 79' lang='lat' dir='ltr'>sententiam,</span> <span class='ocrx_word' id='word_1_51' title='bbox 337 457 397 495; x_wconf 85' lang='lat' dir='ltr'>quae</span> <span class='ocrx_word' id='word_1_52' title='bbox 411 445 530 485; x_wconf 83' lang='lat' dir='ltr'>doctrinae</span> <span class='ocrx_word' id='word_1_53' title='bbox 544 444 657 484; x_wconf 88' lang='lat' dir='ltr'>ecelesiae</span> <span class='ocrx_word' id='word_1_54' title='bbox 672 444 732 482; x_wconf 86' lang='lat' dir='ltr'>cath.</span> <span class='ocrx_word' id='word_1_55' title='bbox 747 456 793 483; x_wconf 88' lang='lat' dir='ltr'>uon</span> 
     </span>
     <span class='ocr_line' id='line_1_8' title="bbox 30 498 793 552; baseline -0.005 -11"><span class='ocrx_word' id='word_1_56' title='bbox 30 502 69 543; x_wconf 83' lang='lat' dir='ltr'>est</span> <span class='ocrx_word' id='word_1_57' title='bbox 79 499 186 552; x_wconf 84' lang='lat' dir='ltr'>adversa,</span> <span class='ocrx_word' id='word_1_58' title='bbox 197 498 249 549; x_wconf 87' lang='lat' dir='ltr'>jam</span> <span class='ocrx_word' id='word_1_59' title='bbox 263 499 315 538; x_wconf 89' lang='lat' dir='ltr'>ideo</span> <span class='ocrx_word' id='word_1_60' title='bbox 329 501 417 539; x_wconf 81' lang='lat' dir='ltr'>habeas</span> <span class='ocrx_word' id='word_1_61' title='bbox 429 511 521 549; x_wconf 79' lang='lat' dir='ltr'>veram3</span> <span class='ocrx_word' id='word_1_62' title='bbox 536 501 551 537; x_wconf 85' lang='lat' dir='ltr'>si</span> <span class='ocrx_word' id='word_1_63' title='bbox 560 501 609 547; x_wconf 81' lang='lat' dir='ltr'>enim</span> <span class='ocrx_word' id='word_1_64' title='bbox 617 510 687 538; x_wconf 88' lang='lat' dir='ltr'>sensus</span> <span class='ocrx_word' id='word_1_65' title='bbox 696 499 718 537; x_wconf 88' lang='lat' dir='ltr'>ah</span> <span class='ocrx_word' id='word_1_66' title='bbox 727 500 793 538; x_wconf 85' lang='lat' dir='ltr'>eecle-</span> 
     </span>
     <span class='ocr_line' id='line_1_9' title="bbox 30 554 793 603; baseline -0.005 -8"><span class='ocrx_word' id='word_1_67' title='bbox 30 557 57 595; x_wconf 86' lang='lat' dir='ltr'>sia</span> <span class='ocrx_word' id='word_1_68' title='bbox 70 566 109 592; x_wconf 88' lang='lat' dir='ltr'>nen</span> <span class='ocrx_word' id='word_1_69' title='bbox 123 559 153 593; x_wconf 90' lang='lat' dir='ltr'>est</span> <span class='ocrx_word' id='word_1_70' title='bbox 167 554 261 599; x_wconf 83' lang='lat' dir='ltr'>delinitus,</span> <span class='ocrx_word' id='word_1_71' title='bbox 275 554 306 592; x_wconf 86' lang='lat' dir='ltr'>rel</span> <span class='ocrx_word' id='word_1_72' title='bbox 322 566 356 603; x_wconf 88' lang='lat' dir='ltr'>per</span> <span class='ocrx_word' id='word_1_73' title='bbox 369 555 476 592; x_wconf 83' lang='lat' dir='ltr'>unanimem</span> <span class='ocrx_word' id='word_1_74' title='bbox 491 565 606 592; x_wconf 88' lang='lat' dir='ltr'>consensum</span> <span class='ocrx_word' id='word_1_75' title='bbox 621 554 695 592; x_wconf 88' lang='lat' dir='ltr'>Patrum</span> <span class='ocrx_word' id='word_1_76' title='bbox 710 565 748 592; x_wconf 88' lang='lat' dir='ltr'>non</span> <span class='ocrx_word' id='word_1_77' title='bbox 759 554 793 592; x_wconf 88' lang='lat' dir='ltr'>de-</span> 
     </span>
     <span class='ocr_line' id='line_1_10' title="bbox 30 607 794 658; baseline -0.003 -11"><span class='ocrx_word' id='word_1_78' title='bbox 30 610 150 648; x_wconf 86' lang='lat' dir='ltr'>terminatus:</span> <span class='ocrx_word' id='word_1_79' title='bbox 164 608 228 656; x_wconf 91' lang='lat' dir='ltr'>plures</span> <span class='ocrx_word' id='word_1_80' title='bbox 243 609 298 645; x_wconf 92' lang='lat' dir='ltr'>unius</span> <span class='ocrx_word' id='word_1_81' title='bbox 314 607 437 656; x_wconf 85' lang='lat' dir='ltr'>ejusdemque</span> <span class='ocrx_word' id='word_1_82' title='bbox 452 608 490 644; x_wconf 88' lang='lat' dir='ltr'>loci</span> <span class='ocrx_word' id='word_1_83' title='bbox 505 608 639 655; x_wconf 85' lang='lat' dir='ltr'>expositiones·</span> <span class='ocrx_word' id='word_1_84' title='bbox 650 619 697 658; x_wconf 88' lang='lat' dir='ltr'>eum</span> <span class='ocrx_word' id='word_1_85' title='bbox 707 608 794 645; x_wconf 88' lang='lat' dir='ltr'>doctrina</span> 
     </span>
     <span class='ocr_line' id='line_1_11' title="bbox 31 660 793 708; baseline -0.003 -8"><span class='ocrx_word' id='word_1_86' title='bbox 31 661 124 701; x_wconf 88' lang='lat' dir='ltr'>eeclesiae</span> <span class='ocrx_word' id='word_1_87' title='bbox 139 661 248 698; x_wconf 87' lang='lat' dir='ltr'>consentire</span> <span class='ocrx_word' id='word_1_88' title='bbox 262 665 353 708; x_wconf 87' lang='lat' dir='ltr'>possunt,</span> <span class='ocrx_word' id='word_1_89' title='bbox 373 671 451 708; x_wconf 88' lang='lat' dir='ltr'>quarum</span> <span class='ocrx_word' id='word_1_90' title='bbox 471 664 533 705; x_wconf 82' lang='lat' dir='ltr'>tamen</span> <span class='ocrx_word' id='word_1_91' title='bbox 552 660 627 696; x_wconf 88' lang='lat' dir='ltr'>nonnisi</span> <span class='ocrx_word' id='word_1_92' title='bbox 645 671 681 696; x_wconf 86' lang='lat' dir='ltr'>una</span> <span class='ocrx_word' id='word_1_93' title='bbox 696 665 726 697; x_wconf 90' lang='lat' dir='ltr'>est</span> <span class='ocrx_word' id='word_1_94' title='bbox 739 672 793 706; x_wconf 81' lang='lat' dir='ltr'>uera,</span> 
     </span>
     <span class='ocr_line' id='line_1_12' title="bbox 30 711 797 762; baseline -0.003 -11"><span class='ocrx_word' id='word_1_95' title='bbox 30 727 47 752; x_wconf 88' lang='lat' dir='ltr'>v.</span> <span class='ocrx_word' id='word_1_96' title='bbox 62 725 81 762; x_wconf 81' lang='lat' dir='ltr'>g.</span> <span class='ocrx_word' id='word_1_97' title='bbox 96 713 127 749; x_wconf 83' lang='lat' dir='ltr'>llt.</span> <span class='ocrx_word' id='word_1_98' title='bbox 143 712 173 758; x_wconf 83' lang='lat'>13,</span> <span class='ocrx_word' id='word_1_99' title='bbox 192 714 224 749; x_wconf 52' lang='lat'>55⁴.</span> <span class='ocrx_word' id='word_1_100' title='bbox 245 713 281 757; x_wconf 83' lang='lat'>56;</span> <span class='ocrx_word' id='word_1_101' title='bbox 300 714 336 749; x_wconf 86' lang='lat' dir='ltr'>imo</span> <span class='ocrx_word' id='word_1_102' title='bbox 356 714 451 749; x_wconf 89' lang='lat' dir='ltr'>sententia</span> <span class='ocrx_word' id='word_1_103' title='bbox 470 711 561 760; x_wconf 83' lang='lat' dir='ltr'>quaedam</span> <span class='ocrx_word' id='word_1_104' title='bbox 581 711 680 748; x_wconf 85' lang='lat' dir='ltr'>doctrinae</span> <span class='ocrx_word' id='word_1_105' title='bbox 698 713 797 749; x_wconf 79' lang='lat' dir='ltr'>eeclesiae·</span> 
     </span>
     <span class='ocr_line' id='line_1_13' title="bbox 31 763 794 812; baseline -0.003 -10"><span class='ocrx_word' id='word_1_106' title='bbox 31 765 114 812; x_wconf 87' lang='lat' dir='ltr'>apprime</span> <span class='ocrx_word' id='word_1_107' title='bbox 129 765 233 801; x_wconf 87' lang='lat' dir='ltr'>convenire</span> <span class='ocrx_word' id='word_1_108' title='bbox 247 768 317 811; x_wconf 87' lang='lat' dir='ltr'>potest,</span> <span class='ocrx_word' id='word_1_109' title='bbox 332 765 376 811; x_wconf 90' lang='lat' dir='ltr'>quin</span> <span class='ocrx_word' id='word_1_110' title='bbox 391 765 415 800; x_wconf 91' lang='lat' dir='ltr'>sit</span> <span class='ocrx_word' id='word_1_111' title='bbox 429 774 498 801; x_wconf 90' lang='lat' dir='ltr'>sensus</span> <span class='ocrx_word' id='word_1_112' title='bbox 508 763 564 809; x_wconf 87' lang='lat' dir='ltr'>hujus</span> <span class='ocrx_word' id='word_1_113' title='bbox 575 767 606 800; x_wconf 88' lang='lat' dir='ltr'>aut</span> <span class='ocrx_word' id='word_1_114' title='bbox 614 763 692 799; x_wconf 90' lang='lat' dir='ltr'>alterius</span> <span class='ocrx_word' id='word_1_115' title='bbox 703 775 717 800; x_wconf 91' lang='lat' dir='ltr'>s.</span> <span class='ocrx_word' id='word_1_116' title='bbox 728 764 794 811; x_wconf 87' lang='lat' dir='ltr'>Scrip-</span> 
     </span>
     <span class='ocr_line' id='line_1_14' title="bbox 31 814 795 864; baseline 0 -12"><span class='ocrx_word' id='word_1_117' title='bbox 31 821 85 853; x_wconf 90' lang='lat' dir='ltr'>turae</span> <span class='ocrx_word' id='word_1_118' title='bbox 98 815 147 862; x_wconf 84' lang='lat' dir='ltr'>loci,</span> <span class='ocrx_word' id='word_1_119' title='bbox 166 827 184 851; x_wconf 89' lang='lat' dir='ltr'>v.</span> <span class='ocrx_word' id='word_1_120' title='bbox 199 827 217 864; x_wconf 80' lang='lat' dir='ltr'>g.</span> <span class='ocrx_word' id='word_1_121' title='bbox 230 815 335 863; x_wconf 86' lang='lat' dir='ltr'>baptismus</span> <span class='ocrx_word' id='word_1_122' title='bbox 350 815 372 852; x_wconf 88' lang='lat' dir='ltr'>ab</span> <span class='ocrx_word' id='word_1_123' title='bbox 387 815 485 852; x_wconf 88' lang='lat' dir='ltr'>haeretico</span> <span class='ocrx_word' id='word_1_124' title='bbox 505 814 586 851; x_wconf 83' lang='lat' dir='ltr'>collatus</span> <span class='ocrx_word' id='word_1_125' title='bbox 601 818 630 851; x_wconf 89' lang='lat' dir='ltr'>est</span> <span class='ocrx_word' id='word_1_126' title='bbox 644 815 724 851; x_wconf 84' lang='lat' dir='ltr'>validus.</span> <span class='ocrx_word' id='word_1_127' title='bbox 746 815 795 852; x_wconf 85' lang='lat' dir='ltr'>Hine</span> 
     </span>
     <span class='ocr_line' id='line_1_15' title="bbox 31 877 100 906; baseline -0.029 0"><span class='ocrx_word' id='word_1_128' title='bbox 31 877 100 906; x_wconf 83' lang='lat' dir='ltr'>caveas</span> 
     </span>
    </p>

    <p class='ocr_par' dir='ltr' id='par_1_4' title="bbox 31 918 794 1023">
     <span class='ocr_line' id='line_1_16' title="bbox 84 918 794 968; baseline 0.001 -12"><span class='ocrx_word' id='word_1_129' title='bbox 84 922 116 966; x_wconf 83' lang='lat' dir='ltr'>oe)</span> <span class='ocrx_word' id='word_1_130' title='bbox 133 919 165 956; x_wconf 88' lang='lat' dir='ltr'>Ne</span> <span class='ocrx_word' id='word_1_131' title='bbox 184 919 207 957; x_wconf 91' lang='lat' dir='ltr'>in</span> <span class='ocrx_word' id='word_1_132' title='bbox 228 930 273 957; x_wconf 90' lang='lat' dir='ltr'>usu</span> <span class='ocrx_word' id='word_1_133' title='bbox 294 918 412 957; x_wconf 84' lang='lat' dir='ltr'>doctrinae</span> <span class='ocrx_word' id='word_1_134' title='bbox 434 918 547 957; x_wconf 85' lang='lat' dir='ltr'>ecelesiae</span> <span class='ocrx_word' id='word_1_135' title='bbox 567 929 669 967; x_wconf 89' lang='lat' dir='ltr'>unquam</span> <span class='ocrx_word' id='word_1_136' title='bbox 690 919 794 968; x_wconf 86' lang='lat' dir='ltr'>reliquae</span> 
     </span>
     <span class='ocr_line' id='line_1_17' title="bbox 31 972 546 1023; baseline -0.004 -10"><span class='ocrx_word' id='word_1_137' title='bbox 31 972 215 1013; x_wconf 85' lang='lat' dir='ltr'>hermeneuticae</span> <span class='ocrx_word' id='word_1_138' title='bbox 229 984 302 1013; x_wconf 90' lang='lat' dir='ltr'>sanae</span> <span class='ocrx_word' id='word_1_139' title='bbox 316 973 431 1013; x_wconf 87' lang='lat' dir='ltr'>violentur</span> <span class='ocrx_word' id='word_1_140' title='bbox 444 973 546 1023; x_wconf 80' lang='lat' dir='ltr'>regulae.</span> 
     </span>
    </p>

    <p class='ocr_par' dir='ltr' id='par_1_5' title="bbox 31 1027 797 1760">
     <span class='ocr_line' id='line_1_18' title="bbox 83 1027 795 1076; baseline 0 -10"><span class='ocrx_word' id='word_1_141' title='bbox 83 1027 128 1076; x_wconf 84' lang='lat' dir='ltr'>NB.</span> <span class='ocrx_word' id='word_1_142' title='bbox 143 1027 244 1075; x_wconf 86' lang='lat' dir='ltr'>Sensus,</span> <span class='ocrx_word' id='word_1_143' title='bbox 263 1027 302 1076; x_wconf 87' lang='lat' dir='ltr'>qui</span> <span class='ocrx_word' id='word_1_144' title='bbox 319 1027 342 1067; x_wconf 89' lang='lat' dir='ltr'>iu</span> <span class='ocrx_word' id='word_1_145' title='bbox 360 1028 431 1067; x_wconf 87' lang='lat' dir='ltr'>rebus</span> <span class='ocrx_word' id='word_1_146' title='bbox 448 1027 506 1066; x_wconf 83' lang='lat' dir='ltr'>fidei.</span> <span class='ocrx_word' id='word_1_147' title='bbox 516 1029 538 1066; x_wconf 92' lang='lat' dir='ltr'>et</span> <span class='ocrx_word' id='word_1_148' title='bbox 551 1039 642 1067; x_wconf 92' lang='lat' dir='ltr'>morum</span> <span class='ocrx_word' id='word_1_149' title='bbox 657 1027 795 1067; x_wconf 86' lang='lat' dir='ltr'>christiano·</span> 
     </span>
     <span class='ocr_line' id='line_1_19' title="bbox 31 1081 794 1130; baseline -0.001 -10"><span class='ocrx_word' id='word_1_150' title='bbox 31 1093 82 1120; x_wconf 86' lang='lat' dir='ltr'>rum</span> <span class='ocrx_word' id='word_1_151' title='bbox 97 1093 149 1119; x_wconf 90' lang='lat' dir='ltr'>cum</span> <span class='ocrx_word' id='word_1_152' title='bbox 167 1081 325 1119; x_wconf 81' lang='lat' dir='ltr'>doctrinarum</span> <span class='ocrx_word' id='word_1_153' title='bbox 343 1081 523 1119; x_wconf 84' lang='lat' dir='ltr'>christianarum</span> <span class='ocrx_word' id='word_1_154' title='bbox 540 1082 602 1119; x_wconf 87' lang='lat' dir='ltr'>clare</span> <span class='ocrx_word' id='word_1_155' title='bbox 621 1081 794 1130; x_wconf 87' lang='lat' dir='ltr'>propositarum</span> 
     </span>
     <span class='ocr_line' id='line_1_20' title="bbox 32 1134 795 1182; baseline -0.001 -10"><span class='ocrx_word' id='word_1_156' title='bbox 32 1145 122 1172; x_wconf 86' lang='lat' dir='ltr'>sunrrua</span> <span class='ocrx_word' id='word_1_157' title='bbox 136 1134 250 1181; x_wconf 85' lang='lat' dir='ltr'>convenit,</span> <span class='ocrx_word' id='word_1_158' title='bbox 265 1134 349 1172; x_wconf 78' lang='lat' dir='ltr'>elicitur</span> <span class='ocrx_word' id='word_1_159' title='bbox 362 1134 415 1172; x_wconf 82' lang='lat' dir='ltr'>fidei</span> <span class='ocrx_word' id='word_1_160' title='bbox 429 1134 543 1182; x_wconf 79' lang='lat' dir='ltr'>analogus</span> <span class='ocrx_word' id='word_1_161' title='bbox 557 1145 600 1172; x_wconf 91' lang='lat' dir='ltr'>scu</span> <span class='ocrx_word' id='word_1_162' title='bbox 608 1134 731 1182; x_wconf 81' lang='lat' dir='ltr'>analogiae</span> <span class='ocrx_word' id='word_1_163' title='bbox 741 1134 795 1172; x_wconf 86' lang='lat' dir='ltr'>lidei</span> 
     </span>
     <span class='ocr_line' id='line_1_21' title="bbox 31 1187 795 1236; baseline -0.001 -12"><span class='ocrx_word' id='word_1_164' title='bbox 31 1187 187 1235; x_wconf 74' lang='lat' dir='ltr'>resporttlerrs;</span> <span class='ocrx_word' id='word_1_165' title='bbox 206 1198 247 1223; x_wconf 87' lang='lat' dir='ltr'>nam</span> <span class='ocrx_word' id='word_1_166' title='bbox 262 1187 361 1236; x_wconf 86' lang='lat' dir='ltr'>analogia,</span> <span class='ocrx_word' id='word_1_167' title='bbox 375 1198 458 1235; x_wconf 78' lang='lat' dir='ltr'>graecae</span> <span class='ocrx_word' id='word_1_168' title='bbox 473 1187 552 1235; x_wconf 85' lang='lat' dir='ltr'>originis</span> <span class='ocrx_word' id='word_1_169' title='bbox 567 1198 615 1230; x_wconf 80' lang='lat' dir='ltr'>vox,</span> <span class='ocrx_word' id='word_1_170' title='bbox 633 1188 652 1223; x_wconf 84' lang='lat' dir='ltr'>vi</span> <span class='ocrx_word' id='word_1_171' title='bbox 667 1188 795 1236; x_wconf 77' lang='lat' dir='ltr'>etymologiae</span> 
     </span>
     <span class='ocr_line' id='line_1_22' title="bbox 32 1236 795 1286; baseline 0.001 -13"><span class='ocrx_word' id='word_1_172' title='bbox 32 1238 65 1283; x_wconf 88' lang='lat' dir='ltr'>(ab</span> <span class='ocrx_word' id='word_1_173' title='bbox 81 1236 246 1285; x_wconf 67' lang='lat' dir='ltr'>onelioyop=1lnc2</span> <span class='ocrx_word' id='word_1_174' title='bbox 260 1236 323 1284; x_wconf 79' lang='grc' dir='ltr'><em>λόγον)</em></span> <span class='ocrx_word' id='word_1_175' title='bbox 339 1239 426 1276; x_wconf 88' lang='lat' dir='ltr'>denotat:</span> <span class='ocrx_word' id='word_1_176' title='bbox 445 1249 479 1286; x_wconf 90' lang='lat' dir='ltr'>pro</span> <span class='ocrx_word' id='word_1_177' title='bbox 494 1239 593 1285; x_wconf 83' lang='lat' dir='ltr'>portione,</span> <span class='ocrx_word' id='word_1_178' title='bbox 607 1238 656 1274; x_wconf 86' lang='lat' dir='ltr'>uach</span> <span class='ocrx_word' id='word_1_179' title='bbox 669 1238 795 1283; x_wconf 69' lang='lat' dir='ltr'>Verhaltuiss,</span> 
     </span>
     <span class='ocr_line' id='line_1_23' title="bbox 31 1289 796 1338; baseline 0 -13"><span class='ocrx_word' id='word_1_180' title='bbox 31 1291 130 1337; x_wconf 90' lang='lat' dir='ltr'>proportio</span> <span class='ocrx_word' id='word_1_181' title='bbox 145 1290 222 1334; x_wconf 79' lang='lat' dir='ltr'>(Cicero</span> <span class='ocrx_word' id='word_1_182' title='bbox 229 1289 254 1332; x_wconf 65' lang='grc'>2).</span> <span class='ocrx_word' id='word_1_183' title='bbox 274 1290 368 1338; x_wconf 79' lang='lat' dir='ltr'>Analogia</span> <span class='ocrx_word' id='word_1_184' title='bbox 383 1291 446 1337; x_wconf 83' lang='lat' dir='ltr'>itaque</span> <span class='ocrx_word' id='word_1_185' title='bbox 461 1294 491 1325; x_wconf 89' lang='lat' dir='ltr'>est</span> <span class='ocrx_word' id='word_1_186' title='bbox 505 1291 630 1338; x_wconf 83' lang='lat' dir='ltr'>congruentia</span> <span class='ocrx_word' id='word_1_187' title='bbox 643 1291 672 1325; x_wconf 86' lang='lat' dir='ltr'>rei</span> <span class='ocrx_word' id='word_1_188' title='bbox 687 1290 710 1325; x_wconf 85' lang='lat' dir='ltr'>ad</span> <span class='ocrx_word' id='word_1_189' title='bbox 725 1291 796 1337; x_wconf 85' lang='lat' dir='ltr'>aliquid</span> 
     </span>
     <span class='ocr_line' id='line_1_24' title="bbox 31 1340 796 1388; baseline 0.003 -13"><span class='ocrx_word' id='word_1_190' title='bbox 31 1341 110 1384; x_wconf 85' lang='lat' dir='ltr'>relatae,</span> <span class='ocrx_word' id='word_1_191' title='bbox 125 1344 144 1376; x_wconf 88' lang='lat' dir='ltr'>et</span> <span class='ocrx_word' id='word_1_192' title='bbox 158 1340 266 1387; x_wconf 81' lang='lat' dir='ltr'>analogia</span> <span class='ocrx_word' id='word_1_193' title='bbox 279 1340 333 1377; x_wconf 85' lang='lat' dir='ltr'>lidei</span> <span class='ocrx_word' id='word_1_194' title='bbox 347 1340 498 1388; x_wconf 81' lang='lat' dir='ltr'>congruentia</span> <span class='ocrx_word' id='word_1_195' title='bbox 513 1340 615 1377; x_wconf 78' lang='lat' dir='ltr'>omnnium</span> <span class='ocrx_word' id='word_1_196' title='bbox 629 1351 720 1387; x_wconf 84' lang='lat' dir='ltr'>cortun,</span> <span class='ocrx_word' id='word_1_197' title='bbox 735 1352 796 1388; x_wconf 81' lang='lat' dir='ltr'>quae</span> 
     </span>
     <span class='ocr_line' id='line_1_25' title="bbox 32 1390 796 1441; baseline 0.001 -12"><span class='ocrx_word' id='word_1_198' title='bbox 32 1390 62 1429; x_wconf 89' lang='lat' dir='ltr'>ad</span> <span class='ocrx_word' id='word_1_199' title='bbox 76 1390 144 1429; x_wconf 81' lang='lat' dir='ltr'>iidem</span> <span class='ocrx_word' id='word_1_200' title='bbox 158 1391 278 1440; x_wconf 83' lang='lat' dir='ltr'>pertinent,</span> <span class='ocrx_word' id='word_1_201' title='bbox 293 1393 315 1429; x_wconf 88' lang='lat' dir='ltr'>et</span> <span class='ocrx_word' id='word_1_202' title='bbox 324 1393 431 1441; x_wconf 87' lang='lat' dir='ltr'>respectu</span> <span class='ocrx_word' id='word_1_203' title='bbox 441 1392 611 1430; x_wconf 87' lang='lat' dir='ltr'>hermeneutico</span> <span class='ocrx_word' id='word_1_204' title='bbox 622 1394 658 1430; x_wconf 87' lang='lat' dir='ltr'>est</span> <span class='ocrx_word' id='word_1_205' title='bbox 669 1404 796 1441; x_wconf 79' lang='lat' dir='ltr'>congruen-</span> 
     </span>
     <span class='ocr_line' id='line_1_26' title="bbox 32 1443 795 1494; baseline 0.003 -12"><span class='ocrx_word' id='word_1_206' title='bbox 32 1443 65 1482; x_wconf 87' lang='lat' dir='ltr'>tia</span> <span class='ocrx_word' id='word_1_207' title='bbox 79 1451 163 1482; x_wconf 81' lang='lat' dir='ltr'>sensus</span> <span class='ocrx_word' id='word_1_208' title='bbox 178 1444 207 1482; x_wconf 77' lang='lat' dir='ltr'>ael</span> <span class='ocrx_word' id='word_1_209' title='bbox 222 1444 290 1483; x_wconf 77' lang='lat' dir='ltr'>{telem</span> <span class='ocrx_word' id='word_1_210' title='bbox 303 1444 371 1483; x_wconf 88' lang='lat' dir='ltr'>relati</span> <span class='ocrx_word' id='word_1_211' title='bbox 385 1455 427 1483; x_wconf 92' lang='lat' dir='ltr'>seu</span> <span class='ocrx_word' id='word_1_212' title='bbox 441 1446 477 1483; x_wconf 90' lang='lat' dir='ltr'>est</span> <span class='ocrx_word' id='word_1_213' title='bbox 487 1444 637 1494; x_wconf 83' lang='lat' dir='ltr'>congruentia</span> <span class='ocrx_word' id='word_1_214' title='bbox 648 1455 732 1484; x_wconf 81' lang='lat' dir='ltr'>seusus</span> <span class='ocrx_word' id='word_1_215' title='bbox 743 1457 795 1484; x_wconf 89' lang='lat' dir='ltr'>cum</span> 
     </span>
     <span class='ocr_line' id='line_1_27' title="bbox 33 1497 796 1548; baseline 0.003 -12"><span class='ocrx_word' id='word_1_216' title='bbox 33 1497 84 1537; x_wconf 77' lang='lat' dir='ltr'>title.</span> <span class='ocrx_word' id='word_1_217' title='bbox 98 1497 127 1537; x_wconf 86' lang='lat' dir='ltr'>Ut</span> <span class='ocrx_word' id='word_1_218' title='bbox 136 1509 191 1536; x_wconf 90' lang='lat' dir='ltr'>vero</span> <span class='ocrx_word' id='word_1_219' title='bbox 201 1497 259 1537; x_wconf 82' lang='lat' dir='ltr'>fides</span> <span class='ocrx_word' id='word_1_220' title='bbox 270 1509 312 1548; x_wconf 87' lang='lat' dir='ltr'>pro</span> <span class='ocrx_word' id='word_1_221' title='bbox 323 1498 426 1537; x_wconf 78' lang='lat' dir='ltr'>foralibus</span> <span class='ocrx_word' id='word_1_222' title='bbox 441 1500 546 1548; x_wconf 87' lang='lat' dir='ltr'>spectata</span> <span class='ocrx_word' id='word_1_223' title='bbox 560 1500 596 1538; x_wconf 92' lang='lat' dir='ltr'>est</span> <span class='ocrx_word' id='word_1_224' title='bbox 609 1499 646 1537; x_wconf 86' lang='lat' dir='ltr'>rel</span> <span class='ocrx_word' id='word_1_225' title='bbox 660 1499 745 1538; x_wconf 83' lang='lat' dir='ltr'>biblica</span> <span class='ocrx_word' id='word_1_226' title='bbox 758 1500 796 1538; x_wconf 91' lang='lat' dir='ltr'>vel</span> 
     </span>
     <span class='ocr_line' id='line_1_28' title="bbox 34 1551 796 1600; baseline 0.001 -10"><span class='ocrx_word' id='word_1_227' title='bbox 34 1551 200 1600; x_wconf 87' lang='lat' dir='ltr'>ecclesiastica,</span> <span class='ocrx_word' id='word_1_228' title='bbox 214 1555 236 1591; x_wconf 92' lang='lat' dir='ltr'>et</span> <span class='ocrx_word' id='word_1_229' title='bbox 246 1552 331 1591; x_wconf 85' lang='lat' dir='ltr'>hihlica</span> <span class='ocrx_word' id='word_1_230' title='bbox 341 1553 415 1591; x_wconf 83' lang='lat' dir='ltr'>dormo</span> <span class='ocrx_word' id='word_1_231' title='bbox 424 1553 461 1590; x_wconf 90' lang='lat' dir='ltr'>vel</span> <span class='ocrx_word' id='word_1_232' title='bbox 474 1564 546 1591; x_wconf 88' lang='lat' dir='ltr'>sensu</span> <span class='ocrx_word' id='word_1_233' title='bbox 559 1552 654 1591; x_wconf 90' lang='lat' dir='ltr'>arctiori</span> <span class='ocrx_word' id='word_1_234' title='bbox 667 1554 704 1591; x_wconf 89' lang='lat' dir='ltr'>vel</span> <span class='ocrx_word' id='word_1_235' title='bbox 718 1553 796 1592; x_wconf 84' lang='lat' dir='ltr'>latiori</span> 
     </span>
     <span class='ocr_line' id='line_1_29' title="bbox 33 1606 797 1655; baseline 0.001 -12"><span class='ocrx_word' id='word_1_236' title='bbox 33 1606 69 1643; x_wconf 90' lang='lat' dir='ltr'>vel</span> <span class='ocrx_word' id='word_1_237' title='bbox 83 1606 198 1644; x_wconf 88' lang='lat' dir='ltr'>latissimo</span> <span class='ocrx_word' id='word_1_238' title='bbox 213 1608 319 1655; x_wconf 84' lang='lat' dir='ltr'>accepta:</span> <span class='ocrx_word' id='word_1_239' title='bbox 338 1606 371 1644; x_wconf 84' lang='lat' dir='ltr'>ita</span> <span class='ocrx_word' id='word_1_240' title='bbox 385 1607 408 1644; x_wconf 89' lang='lat' dir='ltr'>ct</span> <span class='ocrx_word' id='word_1_241' title='bbox 421 1608 528 1655; x_wconf 88' lang='lat' dir='ltr'>respectu</span> <span class='ocrx_word' id='word_1_242' title='bbox 542 1606 713 1644; x_wconf 86' lang='lat' dir='ltr'>hermeneutico</span> <span class='ocrx_word' id='word_1_243' title='bbox 728 1607 797 1645; x_wconf 83' lang='lat' dir='ltr'>datur</span> 
     </span>
     <span class='ocr_line' id='line_1_30' title="bbox 34 1658 796 1706; baseline 0.003 -11"><span class='ocrx_word' id='word_1_244' title='bbox 34 1658 141 1706; x_wconf 84' lang='lat' dir='ltr'>analogia</span> <span class='ocrx_word' id='word_1_245' title='bbox 160 1670 244 1696; x_wconf 88' lang='lat' dir='ltr'>sensus</span> <span class='ocrx_word' id='word_1_246' title='bbox 263 1670 315 1696; x_wconf 88' lang='lat' dir='ltr'>cum</span> <span class='ocrx_word' id='word_1_247' title='bbox 334 1659 378 1696; x_wconf 77' lang='lat' dir='ltr'>liele</span> <span class='ocrx_word' id='word_1_248' title='bbox 396 1658 493 1705; x_wconf 78' lang='lat' dir='ltr'>biblica,</span> <span class='ocrx_word' id='word_1_249' title='bbox 513 1659 586 1706; x_wconf 72' lang='lat' dir='ltr'>eaque</span> <span class='ocrx_word' id='word_1_250' title='bbox 604 1669 676 1696; x_wconf 87' lang='lat' dir='ltr'>sensu</span> <span class='ocrx_word' id='word_1_251' title='bbox 694 1660 796 1706; x_wconf 84' lang='lat' dir='ltr'>arctiori,</span> 
     </span>
     <span class='ocr_line' id='line_1_31' title="bbox 33 1710 796 1760; baseline 0.003 -13"><span class='ocrx_word' id='word_1_252' title='bbox 33 1711 70 1748; x_wconf 88' lang='lat' dir='ltr'>vel</span> <span class='ocrx_word' id='word_1_253' title='bbox 83 1711 168 1757; x_wconf 85' lang='lat' dir='ltr'>latiori,</span> <span class='ocrx_word' id='word_1_254' title='bbox 182 1711 219 1748; x_wconf 92' lang='lat' dir='ltr'>vcl</span> <span class='ocrx_word' id='word_1_255' title='bbox 228 1710 343 1749; x_wconf 79' lang='lat' dir='ltr'>latissimo</span> <span class='ocrx_word' id='word_1_256' title='bbox 350 1710 465 1760; x_wconf 72' lang='lat' dir='ltr'>spectata,</span> <span class='ocrx_word' id='word_1_257' title='bbox 480 1712 503 1748; x_wconf 90' lang='lat' dir='ltr'>et</span> <span class='ocrx_word' id='word_1_258' title='bbox 512 1722 565 1748; x_wconf 90' lang='lat' dir='ltr'>cum</span> <span class='ocrx_word' id='word_1_259' title='bbox 574 1711 619 1748; x_wconf 79' lang='lat' dir='ltr'>fiee</span> <span class='ocrx_word' id='word_1_260' title='bbox 629 1711 796 1749; x_wconf 83' lang='lat' dir='ltr'>ecclesiastica.</span> 
     </span>
    </p>

    <p class='ocr_par' dir='ltr' id='par_1_6' title="bbox 86 1762 375 1810">
     <span class='ocr_line' id='line_1_32' title="bbox 86 1762 375 1810; baseline 0 -11"><span class='ocrx_word' id='word_1_261' title='bbox 86 1762 199 1810; x_wconf 81' lang='lat' dir='ltr'>Analogia</span> <span class='ocrx_word' id='word_1_262' title='bbox 213 1773 297 1799; x_wconf 87' lang='lat' dir='ltr'>sensus</span> <span class='ocrx_word' id='word_1_263' title='bbox 373 1804 375 1806; x_wconf 53' lang='grc'><strong>,</strong></span> 
     </span>
    </p>

    <p class='ocr_par' dir='ltr' id='par_1_7' title="bbox 88 1813 445 1850">
     <span class='ocr_line' id='line_1_33' title="bbox 88 1813 445 1850; baseline 0 0"><span class='ocrx_word' id='word_1_264' title='bbox 88 1813 108 1850; x_wconf 89' lang='lat'>1.</span> <span class='ocrx_word' id='word_1_265' title='bbox 123 1825 175 1850; x_wconf 91' lang='lat' dir='ltr'>cum</span> <span class='ocrx_word' id='word_1_266' title='bbox 189 1813 233 1850; x_wconf 82' lang='lat' dir='ltr'>fide</span> <span class='ocrx_word' id='word_1_267' title='bbox 248 1813 333 1850; x_wconf 84' lang='lat' dir='ltr'>biblica</span> <span class='ocrx_word' id='word_1_268' title='bbox 444 1847 445 1850; x_wconf 75' lang='grc'>,</span> 
     </span>
    </p>

    <p class='ocr_par' dir='ltr' id='par_1_8' title="bbox 35 1863 799 2282">
     <span class='ocr_line' id='line_1_34' title="bbox 87 1863 797 1913; baseline 0 -11"><span class='ocrx_word' id='word_1_269' title='bbox 87 1868 119 1909; x_wconf 53' lang='grc' dir='ltr'>ιι),</span> <span class='ocrx_word' id='word_1_270' title='bbox 130 1875 201 1902; x_wconf 88' lang='lat' dir='ltr'>seusu</span> <span class='ocrx_word' id='word_1_271' title='bbox 221 1863 315 1901; x_wconf 88' lang='lat' dir='ltr'>arctiori</span> <span class='ocrx_word' id='word_1_272' title='bbox 334 1874 376 1902; x_wconf 91' lang='lat' dir='ltr'>seu</span> <span class='ocrx_word' id='word_1_273' title='bbox 394 1863 452 1902; x_wconf 89' lang='lat' dir='ltr'>certi</span> <span class='ocrx_word' id='word_1_274' title='bbox 470 1863 585 1910; x_wconf 80' lang='lat' dir='ltr'>auctoris,</span> <span class='ocrx_word' id='word_1_275' title='bbox 604 1875 625 1902; x_wconf 92' lang='lat' dir='ltr'>v.</span> <span class='ocrx_word' id='word_1_276' title='bbox 644 1876 665 1913; x_wconf 79' lang='lat' dir='ltr'>g.</span> <span class='ocrx_word' id='word_1_277' title='bbox 684 1876 703 1902; x_wconf 94' lang='lat' dir='ltr'>s.</span> <span class='ocrx_word' id='word_1_278' title='bbox 722 1864 797 1911; x_wconf 86' lang='lat' dir='ltr'>Pauli,</span> 
     </span>
     <span class='ocr_line' id='line_1_35' title="bbox 35 1915 798 1967; baseline 0 -12"><span class='ocrx_word' id='word_1_279' title='bbox 35 1915 140 1965; x_wconf 74' lang='lat' dir='ltr'>spectata</span> <span class='ocrx_word' id='word_1_280' title='bbox 158 1918 194 1955; x_wconf 88' lang='lat' dir='ltr'>est</span> <span class='ocrx_word' id='word_1_281' title='bbox 212 1915 363 1967; x_wconf 83' lang='lat' dir='ltr'>congruentia</span> <span class='ocrx_word' id='word_1_282' title='bbox 381 1919 465 1961; x_wconf 87' lang='lat' dir='ltr'>sensus</span> <span class='ocrx_word' id='word_1_283' title='bbox 487 1927 539 1954; x_wconf 87' lang='lat' dir='ltr'>euru</span> <span class='ocrx_word' id='word_1_284' title='bbox 560 1916 717 1955; x_wconf 80' lang='lat' dir='ltr'>doctrinarum</span> <span class='ocrx_word' id='word_1_285' title='bbox 739 1917 798 1955; x_wconf 90' lang='lat' dir='ltr'>chri-</span> 
     </span>
     <span class='ocr_line' id='line_1_36' title="bbox 35 1968 798 2020; baseline 0.001 -13"><span class='ocrx_word' id='word_1_286' title='bbox 35 1968 163 2008; x_wconf 87' lang='lat' dir='ltr'>stianarum</span> <span class='ocrx_word' id='word_1_287' title='bbox 178 1971 277 2017; x_wconf 79' lang='lat' dir='ltr'>suntuna,</span> <span class='ocrx_word' id='word_1_288' title='bbox 291 1970 406 2018; x_wconf 81' lang='lat' dir='ltr'>quatenus</span> <span class='ocrx_word' id='word_1_289' title='bbox 420 1970 479 2008; x_wconf 86' lang='lat' dir='ltr'>haec</span> <span class='ocrx_word' id='word_1_290' title='bbox 492 1969 517 2008; x_wconf 86' lang='lat' dir='ltr'>in</span> <span class='ocrx_word' id='word_1_291' title='bbox 530 1981 576 2008; x_wconf 90' lang='lat' dir='ltr'>uno</span> <span class='ocrx_word' id='word_1_292' title='bbox 589 1970 714 2019; x_wconf 87' lang='lat' dir='ltr'>eodemque</span> <span class='ocrx_word' id='word_1_293' title='bbox 726 1969 798 2020; x_wconf 91' lang='lat' dir='ltr'>scrip-</span> 
     </span>
     <span class='ocr_line' id='line_1_37' title="bbox 35 2023 799 2073; baseline 0.001 -12"><span class='ocrx_word' id='word_1_294' title='bbox 35 2024 85 2062; x_wconf 88' lang='lat' dir='ltr'>tore</span> <span class='ocrx_word' id='word_1_295' title='bbox 99 2035 168 2063; x_wconf 90' lang='lat' dir='ltr'>sacre</span> <span class='ocrx_word' id='word_1_296' title='bbox 182 2024 245 2063; x_wconf 86' lang='lat' dir='ltr'>clare</span> <span class='ocrx_word' id='word_1_297' title='bbox 259 2023 379 2073; x_wconf 88' lang='lat' dir='ltr'>proposita</span> <span class='ocrx_word' id='word_1_298' title='bbox 397 2023 519 2062; x_wconf 85' lang='lat' dir='ltr'>invenitur.</span> <span class='ocrx_word' id='word_1_299' title='bbox 540 2025 585 2073; x_wconf 83' lang='lat' dir='ltr'>Inde</span> <span class='ocrx_word' id='word_1_300' title='bbox 599 2025 660 2062; x_wconf 86' lang='lat' dir='ltr'>lucem</span> <span class='ocrx_word' id='word_1_301' title='bbox 676 2024 799 2062; x_wconf 88' lang='lat' dir='ltr'>hauriendum</span> 
     </span>
     <span class='ocr_line' id='line_1_38' title="bbox 36 2077 798 2127; baseline 0.001 -13"><span class='ocrx_word' id='word_1_302' title='bbox 36 2088 80 2115; x_wconf 88' lang='lat' dir='ltr'>esse</span> <span class='ocrx_word' id='word_1_303' title='bbox 94 2078 193 2127; x_wconf 88' lang='lat' dir='ltr'>interpreti</span> <span class='ocrx_word' id='word_1_304' title='bbox 208 2078 231 2115; x_wconf 92' lang='lat' dir='ltr'>ad</span> <span class='ocrx_word' id='word_1_305' title='bbox 246 2077 416 2115; x_wconf 79' lang='lat' dir='ltr'>loeaehseurtora</span> <span class='ocrx_word' id='word_1_306' title='bbox 431 2083 487 2126; x_wconf 87' lang='lat' dir='ltr'>atque</span> <span class='ocrx_word' id='word_1_307' title='bbox 505 2078 592 2127; x_wconf 79' lang='lat' dir='ltr'>ambigua</span> <span class='ocrx_word' id='word_1_308' title='bbox 612 2078 698 2127; x_wconf 71' lang='lat' dir='ltr'>ejusdem</span> <span class='ocrx_word' id='word_1_309' title='bbox 713 2080 798 2116; x_wconf 83' lang='lat' dir='ltr'>auctoris</span> 
     </span>
     <span class='ocr_line' id='line_1_39' title="bbox 36 2130 798 2181; baseline 0.003 -15"><span class='ocrx_word' id='word_1_310' title='bbox 36 2130 153 2174; x_wconf 76' lang='lat' dir='ltr'>illustranda,</span> <span class='ocrx_word' id='word_1_311' title='bbox 169 2132 245 2168; x_wconf 81' lang='lat' dir='ltr'>dubium</span> <span class='ocrx_word' id='word_1_312' title='bbox 260 2142 304 2168; x_wconf 89' lang='lat' dir='ltr'>esse</span> <span class='ocrx_word' id='word_1_313' title='bbox 318 2131 384 2179; x_wconf 87' lang='lat' dir='ltr'>nequit</span> <span class='ocrx_word' id='word_1_314' title='bbox 398 2131 431 2176; x_wconf 91' lang='lat' dir='ltr'>illi,</span> <span class='ocrx_word' id='word_1_315' title='bbox 447 2131 478 2178; x_wconf 85' lang='lat' dir='ltr'>qui</span> <span class='ocrx_word' id='word_1_316' title='bbox 492 2132 573 2175; x_wconf 87' lang='lat' dir='ltr'>noverit,</span> <span class='ocrx_word' id='word_1_317' title='bbox 589 2132 674 2179; x_wconf 87' lang='lat' dir='ltr'>quemvis</span> <span class='ocrx_word' id='word_1_318' title='bbox 689 2132 798 2181; x_wconf 91' lang='lat' dir='ltr'>loquentem</span> 
     </span>
     <span class='ocr_line' id='line_1_40' title="bbox 36 2183 798 2232; baseline 0.003 -14"><span class='ocrx_word' id='word_1_319' title='bbox 36 2188 98 2221; x_wconf 90' lang='lat' dir='ltr'>mente</span> <span class='ocrx_word' id='word_1_320' title='bbox 113 2195 178 2221; x_wconf 90' lang='lat' dir='ltr'>sanum</span> <span class='ocrx_word' id='word_1_321' title='bbox 194 2184 270 2220; x_wconf 89' lang='lat' dir='ltr'>sibimet</span> <span class='ocrx_word' id='word_1_322' title='bbox 283 2184 319 2232; x_wconf 91' lang='lat' dir='ltr'>ipsi</span> <span class='ocrx_word' id='word_1_323' title='bbox 335 2183 444 2220; x_wconf 83' lang='lat' dir='ltr'>consentire</span> <span class='ocrx_word' id='word_1_324' title='bbox 459 2183 534 2228; x_wconf 87' lang='lat' dir='ltr'>solere,</span> <span class='ocrx_word' id='word_1_325' title='bbox 554 2187 573 2219; x_wconf 86' lang='lat' dir='ltr'>et</span> <span class='ocrx_word' id='word_1_326' title='bbox 592 2185 705 2231; x_wconf 87' lang='lat' dir='ltr'>scriptorem</span> <span class='ocrx_word' id='word_1_327' title='bbox 725 2196 798 2221; x_wconf 86' lang='lat' dir='ltr'>sacrum</span> 
     </span>
     <span class='ocr_line' id='line_1_41' title="bbox 36 2234 799 2282; baseline 0.001 -12"><span class='ocrx_word' id='word_1_328' title='bbox 36 2234 72 2271; x_wconf 88' lang='lat' dir='ltr'>sibi</span> <span class='ocrx_word' id='word_1_329' title='bbox 86 2236 196 2272; x_wconf 86' lang='lat' dir='ltr'>consentire</span> <span class='ocrx_word' id='word_1_330' title='bbox 211 2235 288 2272; x_wconf 86' lang='lat' dir='ltr'>dehere.</span> <span class='ocrx_word' id='word_1_331' title='bbox 303 2257 328 2261; x_wconf 98' lang='lat'><em>-</em></span> <span class='ocrx_word' id='word_1_332' title='bbox 346 2234 459 2282; x_wconf 71' lang='lat' dir='ltr'>Analogia</span> <span class='ocrx_word' id='word_1_333' title='bbox 477 2245 561 2272; x_wconf 88' lang='lat' dir='ltr'>sensus</span> <span class='ocrx_word' id='word_1_334' title='bbox 580 2246 632 2272; x_wconf 90' lang='lat' dir='ltr'>eum</span> <span class='ocrx_word' id='word_1_335' title='bbox 651 2236 695 2273; x_wconf 74' lang='lat' dir='ltr'>liele</span> <span class='ocrx_word' id='word_1_336' title='bbox 714 2235 799 2280; x_wconf 87' lang='lat' dir='ltr'>biblica</span> 
     </span>
    </p>

    <p class='ocr_par' dir='ltr' id='par_1_9' title="bbox 36 2286 800 2489">
     <span class='ocr_line' id='line_1_42' title="bbox 89 2286 798 2333; baseline -0.001 -10"><span class='ocrx_word' id='word_1_337' title='bbox 89 2288 111 2331; x_wconf 80' lang='lat' dir='ltr'>b)</span> <span class='ocrx_word' id='word_1_338' title='bbox 129 2297 201 2324; x_wconf 87' lang='lat' dir='ltr'>seusu</span> <span class='ocrx_word' id='word_1_339' title='bbox 218 2286 295 2323; x_wconf 88' lang='lat' dir='ltr'>latiori</span> <span class='ocrx_word' id='word_1_340' title='bbox 313 2297 355 2323; x_wconf 87' lang='lat' dir='ltr'>seu</span> <span class='ocrx_word' id='word_1_341' title='bbox 372 2286 398 2322; x_wconf 82' lang='lat' dir='ltr'>N.</span> <span class='ocrx_word' id='word_1_342' title='bbox 417 2287 442 2322; x_wconf 83' lang='grc' dir='ltr'>Τ.</span> <span class='ocrx_word' id='word_1_343' title='bbox 461 2287 566 2333; x_wconf 83' lang='lat' dir='ltr'>spectata</span> <span class='ocrx_word' id='word_1_344' title='bbox 585 2289 621 2324; x_wconf 89' lang='lat' dir='ltr'>cst</span> <span class='ocrx_word' id='word_1_345' title='bbox 640 2286 798 2324; x_wconf 81' lang='lat' dir='ltr'>convenientia</span> 
     </span>
     <span class='ocr_line' id='line_1_43' title="bbox 36 2337 799 2385; baseline 0.001 -14"><span class='ocrx_word' id='word_1_346' title='bbox 36 2346 120 2374; x_wconf 88' lang='lat' dir='ltr'>sensus</span> <span class='ocrx_word' id='word_1_347' title='bbox 135 2348 187 2374; x_wconf 86' lang='lat' dir='ltr'>eum</span> <span class='ocrx_word' id='word_1_348' title='bbox 201 2348 292 2373; x_wconf 90' lang='lat' dir='ltr'>summa</span> <span class='ocrx_word' id='word_1_349' title='bbox 306 2337 464 2373; x_wconf 78' lang='lat' dir='ltr'>eloctrhmrum</span> <span class='ocrx_word' id='word_1_350' title='bbox 478 2337 670 2384; x_wconf 84' lang='lat' dir='ltr'>christianarum,</span> <span class='ocrx_word' id='word_1_351' title='bbox 685 2340 799 2385; x_wconf 84' lang='lat' dir='ltr'>quatenus</span> 
     </span>
     <span class='ocr_line' id='line_1_44' title="bbox 36 2385 799 2437; baseline 0.001 -14"><span class='ocrx_word' id='word_1_352' title='bbox 36 2385 59 2424; x_wconf 86' lang='lat' dir='ltr'>in</span> <span class='ocrx_word' id='word_1_353' title='bbox 73 2388 180 2426; x_wconf 87' lang='lat' dir='ltr'>omnihus</span> <span class='ocrx_word' id='word_1_354' title='bbox 194 2388 219 2425; x_wconf 75' lang='lat'>1¹.</span> <span class='ocrx_word' id='word_1_355' title='bbox 234 2388 259 2425; x_wconf 82' lang='lat' dir='ltr'>T.</span> <span class='ocrx_word' id='word_1_356' title='bbox 273 2387 339 2425; x_wconf 84' lang='lat' dir='ltr'>libris</span> <span class='ocrx_word' id='word_1_357' title='bbox 355 2387 476 2436; x_wconf 82' lang='lat' dir='ltr'>perspicue</span> <span class='ocrx_word' id='word_1_358' title='bbox 494 2388 627 2437; x_wconf 87' lang='lat' dir='ltr'>propositae</span> <span class='ocrx_word' id='word_1_359' title='bbox 647 2389 799 2437; x_wconf 84' lang='lat' dir='ltr'>reperiuntur.</span> 
     </span>
     <span class='ocr_line' id='line_1_45' title="bbox 36 2437 800 2489; baseline -0.001 -13"><span class='ocrx_word' id='word_1_360' title='bbox 36 2437 83 2477; x_wconf 86' lang='lat' dir='ltr'>Huic</span> <span class='ocrx_word' id='word_1_361' title='bbox 102 2452 177 2489; x_wconf 73' lang='lat' dir='ltr'>qnoque</span> <span class='ocrx_word' id='word_1_362' title='bbox 195 2443 295 2479; x_wconf 83' lang='lat' dir='ltr'>niaximum</span> <span class='ocrx_word' id='word_1_363' title='bbox 314 2441 377 2477; x_wconf 85' lang='lat' dir='ltr'>inesse</span> <span class='ocrx_word' id='word_1_364' title='bbox 396 2445 510 2477; x_wconf 90' lang='lat' dir='ltr'>momentum</span> <span class='ocrx_word' id='word_1_365' title='bbox 529 2442 547 2478; x_wconf 86' lang='lat' dir='ltr'>in</span> <span class='ocrx_word' id='word_1_366' title='bbox 562 2442 615 2479; x_wconf 86' lang='lat' dir='ltr'>lihris</span> <span class='ocrx_word' id='word_1_367' title='bbox 629 2442 651 2479; x_wconf 92' lang='lat' dir='ltr'>N.</span> <span class='ocrx_word' id='word_1_368' title='bbox 666 2443 686 2489; x_wconf 74' lang='lat' dir='ltr'>T.</span> <span class='ocrx_word' id='word_1_369' title='bbox 701 2442 800 2488; x_wconf 59' lang='lat' dir='ltr'>interpre-</span> 
     </span>
    </p>
   </div>
   <div class='ocr_carea' id='block_1_3' title="bbox 37 2555 227 2563">
    <p class='ocr_par' dir='ltr' id='par_1_10' title="bbox 37 2555 227 2563">
     <span class='ocr_line' id='line_1_46' title="bbox 37 2555 227 2563; baseline 0.011 -2"><span class='ocrx_word' id='word_1_370' title='bbox 37 2555 227 2563; x_wconf 39' lang='lat' dir='ltr'>w—</span> 
     </span>
    </p>
   </div>
   <div class='ocr_carea' id='block_1_4' title="bbox 59 2629 800 2702">
    <p class='ocr_par' dir='ltr' id='par_1_11' title="bbox 59 2629 800 2702">
     <span class='ocr_line' id='line_1_47' title="bbox 59 2629 800 2701; baseline 0.004 -42"><span class='ocrx_word' id='word_1_371' title='bbox 59 2629 76 2668; x_wconf 83' lang='lat'>1]</span> <span class='ocrx_word' id='word_1_372' title='bbox 89 2629 120 2660; x_wconf 77' lang='lat' dir='ltr'>ch.</span> <span class='ocrx_word' id='word_1_373' title='bbox 133 2629 249 2701; x_wconf 42' lang='lat' dir='ltr'>pgppjlectiones</span> <span class='ocrx_word' id='word_1_374' title='bbox 262 2632 332 2672; x_wconf 80' lang='lat' dir='ltr'>theolog.</span> <span class='ocrx_word' id='word_1_375' title='bbox 344 2632 409 2663; x_wconf 76' lang='lat' dir='ltr'>ernnis</span> <span class='ocrx_word' id='word_1_376' title='bbox 422 2632 495 2662; x_wconf 80' lang='lat' dir='ltr'>l&#39;crrone.</span> <span class='ocrx_word' id='word_1_377' title='bbox 510 2632 570 2660; x_wconf 79' lang='lat' dir='ltr'>Volunt.</span> <span class='ocrx_word' id='word_1_378' title='bbox 584 2631 600 2660; x_wconf 89' lang='lat' dir='ltr'>ll.</span> <span class='ocrx_word' id='word_1_379' title='bbox 613 2641 648 2671; x_wconf 80' lang='lat' dir='ltr'>pag.</span> <span class='ocrx_word' id='word_1_380' title='bbox 660 2631 691 2661; x_wconf 82' lang='lat'>213</span> <span class='ocrx_word' id='word_1_381' title='bbox 704 2635 737 2673; x_wconf 77' lang='lat' dir='ltr'>seq.</span> <span class='ocrx_word' id='word_1_382' title='bbox 750 2632 800 2662; x_wconf 81' lang='lat' dir='ltr'>Vien-</span> 
     </span>
     <span class='ocr_line' id='line_1_48' title="bbox 90 2682 179 2702; baseline -0.011 -1"><span class='ocrx_word' id='word_1_383' title='bbox 90 2682 120 2702; x_wconf 82' lang='lat' dir='ltr'>uao</span> <span class='ocrx_word' id='word_1_384' title='bbox 165 2693 179 2701; x_wconf 73' lang='grc'>..</span> 
     </span>
    </p>
   </div>
   <div class='ocr_carea' id='block_1_5' title="bbox 58 2713 574 2755">
    <p class='ocr_par' dir='ltr' id='par_1_12' title="bbox 58 2713 574 2755">
     <span class='ocr_line' id='line_1_49' title="bbox 58 2713 574 2755; baseline 0.002 -13"><span class='ocrx_word' id='word_1_385' title='bbox 58 2713 76 2752; x_wconf 72' lang='lat'>2)</span> <span class='ocrx_word' id='word_1_386' title='bbox 90 2713 123 2746; x_wconf 83' lang='lat' dir='ltr'>Cli·¹</span> <span class='ocrx_word' id='word_1_387' title='bbox 135 2713 185 2744; x_wconf 85' lang='lat' dir='ltr'>Ersch</span> <span class='ocrx_word' id='word_1_388' title='bbox 197 2714 229 2743; x_wconf 79' lang='lat' dir='ltr'>rrrrrl</span> <span class='ocrx_word' id='word_1_389' title='bbox 241 2714 302 2744; x_wconf 85' lang='lat' dir='ltr'>Gruher</span> <span class='ocrx_word' id='word_1_390' title='bbox 313 2715 433 2755; x_wconf 74' lang='lat' dir='ltr'>Erroyoloptttlic</span> <span class='ocrx_word' id='word_1_391' title='bbox 444 2714 473 2744; x_wconf 85' lang='lat' dir='ltr'>suh</span> <span class='ocrx_word' id='word_1_392' title='bbox 486 2714 515 2744; x_wconf 77' lang='lat' dir='ltr'>hac</span> <span class='ocrx_word' id='word_1_393' title='bbox 527 2723 574 2744; x_wconf 86' lang='lat' dir='ltr'>voce.</span> 
     </span>
    </p>
   </div>
   <div class='ocr_carea' id='block_1_6' title="bbox 0 0 909 2921">
    <p class='ocr_par' dir='ltr' id='par_1_13' title="bbox 0 0 909 2921">
     <span class='ocr_line' id='line_1_50' title="bbox 0 0 909 2921; baseline 0 0"><span class='ocrx_word' id='word_1_394' title='bbox 0 0 909 2921; x_wconf 95' lang='lat' dir='ltr'> </span> 
     </span>
    </p>
   </div>
  </div>
 </body>
</html>
