1765 2921
76 119 106 156 50

76 215 132 264 plane
147 212 235 263 cognitus
249 215 291 257 est,
305 209 378 248 etiamsi
391 207 424 245 illa
437 207 469 244 vel
483 206 568 243 dialectis
583 207 681 256 cognatis,
699 207 763 245 velt
744 207 839 255 etymolo-

76 267 108 316 gia
122 270 141 304 et
155 265 249 314 analogia
263 264 294 301 vel
308 262 394 300 omnibus
409 259 463 297 simul
477 260 551 296 nitatur.

130 318 151 356 3.
165 317 265 366 Propria
278 314 353 353 lectio.
368 312 417 351 Etsi
431 312 460 350 ab
474 311 515 350 illa
524 311 617 360 linguae
627 311 765 360 cognitione,
780 323 840 361 quae

77 369 159 410 mediis
181 367 322 409 enumeratis
346 366 506 414 comparatur,
530 375 576 403 non
599 362 674 402 orantis
697 363 840 414 imperfectio

77 424 162 462 abesse
180 422 251 460 solet·
268 420 326 457 baec
344 420 432 464 tamen,
450 416 532 456 sinon
546 416 637 466 penitus
651 415 712 464 tolli,
732 418 801 455 certe
808 416 840 455 di-

76 474 151 515 minui
170 473 253 523 poterit
270 471 368 509 lectione
387 469 523 508 ΙίΙιιοιιιιιιι
516 480 633 519 ipsorum,
655 468 678 507 in
697 469 741 507 bac
761 468 842 518 lingua

78 526 224 566 exstantium.
244 525 291 562 Nam
306 525 351 561 licet
363 523 390 560 illi
403 523 440 571 ipsi
454 523 501 569 sint,
521 533 600 571 quorum
614 532 660 559 usus
674 521 765 570 loquendi
779 533 841 571 quae-

77 581 134 626 ritur,
154 582 275 627 postquam
271 580 334 614 tanien
352 576 415 625 potior
428 576 505 625 linguae
523 586 567 623 pars
583 575 674 612 historice
688 575 745 612 luerit
755 576 841 625 cognita,

77 632 157 682 egregie
177 631 263 667 adhiberi
283 633 371 677 poterunt
388 628 412 665 ad
431 639 454 665 ea
472 627 545 665 facilius
565 627 677 676 pleniusque
698 627 840 677 cognoscenda,

79 695 127 733 quae
142 694 177 732 per
192 682 253 719 media
268 685 311 719 ante
330 684 475 718 commemorata
492 681 547 717 vel
542 692 560 717 ιιι
579 679 671 726 obscuro
690 679 740 716 vel
735 692 755 716 m
768 680 841 717 incerto

78 740 133 773 erant
147 735 219 781 relicta,
234 745 290 782 qrrtrm
305 744 343 770 non
357 743 401 769 raro
416 733 526 770 obscuriora
542 731 634 791 ejusmodi
648 730 746 769 vocabula
752 743 786 779 per
799 731 842 768 cla-

78 789 140 833 riora,
159 788 189 824 ιιι
204 798 239 834 per
252 786 333 834 logicam
348 785 404 832 plane
419 784 546 821 definitionem
564 784 624 820 aliis
619 794 639 820 ιιι
653 783 700 820 locis
716 784 841 832 explicemur,

79 844 111 877 aut
130 840 190 876 saltim
205 839 259 875 lali
254 849 273 874 m
293 841 383 874 contentu
396 836 494 886 legantur,
514 837 545 883 qui
563 836 637 872 unicam
656 839 726 873 tautum
745 837 841 874 notionem

78 892 162 929 admittit.

383 1102 483 1170 'caput
498 1114 533 1158 ιι.

78 1195 107 1231 Dc
121 1205 158 1230 usu
172 1175 288 1241 loquendis.
298 1191 412 1239 scripturae,
427 1190 479 1227 etde
489 1190 578 1237 tontibus,
592 1176 643 1228 uude
653 1192 677 1228 sit
688 1192 843 1241 cognoscendus.

425 1305 445 1354 ι.
460 1301 498 1343 ac.

99 1366 177 1413 *Quaestio
189 1375 263 1414 praevia:
274 1372 314 1403 llum
325 1372 406 1412 interpreti
418 1371 497 1402 catholico
509 1370 530 1401 acl
540 1371 599 1402 idioma
610 1372 687 1412 originale
698 1373 751 1403 redire
761 1372 822 1404 liceat?

108 1499 109 1502 ,
132 1461 222 1499 Nonnulli
236 1460 381 1506 contenderunt,
396 1459 474 1497 decreto
489 1460 565 1496 concilii
573 1458 677 1495 Tridentini
688 1469 736 1495 sess.
746 1458 776 1494 IV.
785 1458 843 1504 edito,

82 1524 119 1561 quo
133 1514 197 1550 versio
211 1513 292 1562 Vulgata
306 1512 412 1549 authentica
427 1512 542 1557 declaratur,
556 1512 678 1558 interpretem
693 1510 805 1559 catholicum
820 1510 844 1547 ad

82 1569 152 1601 textum
168 1565 278 1613 originalem
292 1564 356 1601 redire
371 1563 472 1611 prohiberi.
485 1563 548 1600 Verba
563 1563 634 1600 decreti
649 1562 695 1599 baec
709 1566 762 1599 sunt:
779 1589 784 1603 ι

178 1616 291 1664 „lusuper
312 1617 464 1653 sacrosancta
485 1615 589 1663 synodus
611 1614 774 1660 considerans,
790 1624 844 1652 non

209 1678 291 1716 parum
305 1667 412 1704 utilitatis
426 1666 536 1704 accedere
550 1677 621 1715 posse
635 1666 747 1704 ecclesiae
760 1665 809 1713 bei,
823 1665 845 1703 si

154 1734 156 1738 ·
209 1731 236 1757 ex
254 1719 361 1765 omnibus
380 1718 627 1770 latiniseditionibus,
646 1729 706 1766 quae
724 1717 845 1757 circumfe-

209 1774 292 1810 runtur
306 1782 427 1810 sacrorum
439 1771 558 1818 librorum,
573 1781 688 1822 qliaenam
697 1781 739 1819 pro
749 1770 846 1809 authen?

208 1824 255 1862 tica
269 1823 300 1862 sit
313 1823 432 1870 habenda,
446 1823 588 1870 innotescat,
602 1824 684 1861 statuit
698 1825 720 1861 et
734 1823 845 1870 declarat,

209 1878 235 1913 ιιι
249 1878 307 1914 haec
320 1876 373 1924 ipsa
385 1879 453 1913 vetus
468 1878 490 1913 et
503 1876 599 1926 vulgata
614 1876 691 1923 editio,
705 1887 765 1923 quae
775 1876 845 1924 longo

210 1930 245 1966 tot
258 1929 405 1966 saeculorum
418 1939 463 1966 usn
477 1928 500 1966 in
515 1928 567 1977 ipsa
581 1928 680 1966 ecclesia
689 1929 788 1977 probata
801 1929 845 1974 est,

209 1980 232 2019 in
247 1980 345 2029 publicis
353 1979 507 2028 lectionibus,
522 1980 737 2034 dissertationibus,
755 1979 845 2029 praedi-

210 2032 341 2071 cationibus
356 2035 378 2070 et
392 2032 573 2081 expositionibus
592 2043 634 2080 pro
653 2032 786 2070 authentica
805 2033 845 2070 ba-

211 2086 304 2132 beatur,
324 2086 346 2123 et
364 2096 431 2123 nemo
448 2096 500 2123 eam
517 2084 615 2132 rejicere
629 2084 712 2141 qrrovis
726 2086 846 2134 praetextu

211 2137 296 2175 audeat
309 2138 350 2175 aut
362 2139 520 2188 praesentate
837 2158 840 2163 ·

137 2187 242 2226 Versio'
231 2200 282 2236 pam
297 2189 430 2228 antlrentica
444 2199 497 2228 esse
511 2188 588 2238 potest
605 2188 715 2228 strictiori
732 2192 755 2228 et
768 2189 846 2229 latiori

87 2252 171 2288 sensu,
186 2240 295 2279 strictiori
310 2253 381 2281 sensu
395 2244 432 2280 est
445 2242 585 2296 authentica,
600 2242 621 2280 si
635 2243 785 2292 archetypum
796 2242 846 2281 ubi·

85 2305 129 2343 qrre
144 2294 248 2332 locorum
262 2305 332 2332 accur
333 2294 438 2334 ctissime
452 2290 618 2344 repraesentat
633 2298 745 2343 exaequat
753 2297 776 2333 et
785 2307 846 2334 com·

84 2348 180 2397 pensat,
199 2345 232 2383 ita
245 2346 290 2383 ιιι
285 2348 392 2396 nnrnunis
407 2347 438 2386 sit
451 2347 481 2384 ab
496 2348 557 2386 ιιιιιιιί
572 2348 676 2395 ommno,
695 2347 764 2385 etiam
778 2348 846 2387 levis·

85 2398 254 2450 simo-ruendo,
273 2409 288 2435 a
301 2409 395 2438 versore
414 2399 550 2449 commiss03
569 2400 647 2439 latiori
664 2410 746 2448 sensu,
765 2400 787 2440 si
800 2412 847 2440 nou

86 2453 114 2489 ab
129 2452 191 2491 omni
211 2450 315 2500 quidem,
334 2453 436 2490 attamen
454 2450 524 2491 atali
542 2464 621 2492 errore
639 2454 675 2490 cst
693 2452 781 2501 aliena,
800 2465 849 2503 quo

42 2546 44 2551 .
87 2504 215 2553 argumenti
237 2503 533 2552 essentiaimmutaretur,
554 2517 596 2544 seu
615 2505 717 2544 auctoris
738 2518 804 2546 mens
822 2506 847 2546 in

87 2557 250 2596 essentialibus
265 2557 442 2606 perverteretur.
849 2593 850 2596 ,

109 2640 111 2643 ,
141 2608 266 2648 Concilium
285 2608 444 2648 'l'ridcntinum
462 2608 586 2648 Catholicis
605 2609 692 2649 aditum
710 2612 740 2650 ad
760 2613 847 2651 textum

86 2659 222 2709 originalem
237 2662 383 2701 interdixisse
397 2660 490 2706 nonnisi
499 2663 547 2700 tum
556 2664 618 2701 esset
626 2663 753 2711 fatendum,
766 2665 787 2703 si
796 2676 847 2703 ver·

87 2712 177 2751 sinirem
190 2712 314 2761 vulgatam
328 2725 400 2753 sensu
414 2713 525 2753 strictiori
539 2716 561 2753 et
574 2716 646 2754 relate
660 2716 690 2755 ad
704 2718 790 2755 textum
802 2716 847 2755 ori·
