1765 2921
66 122 111 161 loo

66 218 104 256 cui
122 217 232 257 mandato
250 219 360 258 obediens
378 219 466 268 (Philipp.
481 220 500 267 2,
514 219 544 265 8.)
562 219 626 257 recte
644 218 721 257 dicere
739 219 830 268 poterat

65 270 108 308 ltlr.
123 270 159 317 13,
173 270 222 318 32„
241 282 267 318 se
284 272 392 320 ignorare
411 272 470 310 diem
489 273 512 310 et
529 272 612 309 horam
630 271 724 309 extremi
738 269 830 318 judicii,

67 324 182 371 quatenus
196 325 287 372 tempus
301 323 359 362 illud
372 323 482 371 scientia,
501 325 527 361 ut
540 322 630 370 dicunt,
644 321 832 361 corrrmunicabili

68 374 129 412 scire
144 375 286 420 (manifestare)
300 386 347 414 non
361 376 392 414 ad
406 387 449 414 sua
463 375 534 424 legati
548 386 657 422 munera,
675 374 718 413 sed
732 373 831 425 adjura

17 475 20 477 ι
68 425 147 464 divina
160 427 297 475 pertinebat.
312 427 349 465 Cfr.
364 429 431 465 loann.
448 428 478 475 10,
494 428 524 466 18.
548 456 553 461 .
795 429 797 435 ⁴

122 482 142 526 p]
156 478 227 516 Pater
240 489 288 517 non
306 490 397 529 semper
416 481 610 518 commemoratur
627 479 652 518 in
669 478 782 517 relatione
801 476 832 515 ad

68 529 163 577 filium,
181 531 223 569 sed
241 531 311 569 etiam
329 531 392 570 Deus
411 533 512 571 Triunus
530 532 601 571 Pater
615 531 745 581 appellatur
758 529 831 568 relate

69 583 155 620 autad
169 582 288 630 gentilium
302 583 372 631 idola,
387 586 428 622 aut
441 585 472 622 ad
481 586 602 623 creaturas
612 592 770 633 quascunque,
785 591 831 629 quo

69 633 94 672 in
108 645 166 672 casu
179 634 250 672 Pater
268 635 384 683 exclusive
401 636 464 674 Deus
483 636 529 675 dici
546 636 665 685 potest'ac
678 635 757 680 debet,
776 633 832 681 quia

69 696 147 724 sermo
162 687 198 724 est
212 687 240 724 de
255 687 334 726 divina
348 688 458 735 essentia,
472 689 500 726 de
514 689 602 726 unitate
615 687 665 734 nei,
679 698 726 725 non
740 686 768 724 de
781 695 836 734 per-v

69 748 129 776 sona
143 738 230 785 Patris,
244 751 261 775 v.
276 751 295 789 g.
309 740 376 777 Joann.
393 739 423 787 17,
438 740 456 778 3.
472 741 485 778 1.
500 740 543 778 Cor.
557 740 575 786 8,
590 739 608 778 6.
622 739 668 787 Ερὴ.
683 739 702 782 4,
718 738 736 776 o.

110 797 113 801 ·
123 792 144 835 ὃ)
159 791 216 828 Cum
229 791 253 828 vi
262 793 418 839 generationis
428 794 537 830 aeternae
547 791 598 830 Filii
608 792 635 828 ex'
643 791 714 829 Patre
724 790 762 828 hic
770 788 832 838 prin-

70 841 156 891 cipium
177 845 297 882 aeternum
315 844 346 882 sit
365 844 438 882 illius:
460 844 566 883 Christus
587 853 655 881 suam
675 853 723 880 non
742 842 833 879 tantum

69 894 197 932 voluntatis
217 896 413 944 conformitatem,
434 896 476 935 sed
496 895 566 934 etiam
584 895 700 934 essentiae
715 893 833 932 unitatem

70 946 126 984 cum'
136 947 208 985 Patre
222 947 396 996 significaturus
410 948 489 986 omnia
502 959 547 986 sua
560 948 591 986 ad
599 947 694 985 Patrem
703 947 775 985 refert
789 945 833 983 coll.

69 998 138 1036 Joann.
152 999 172 1046 5,
187 998 218 1036 19.
233 1011 297 1048 seqq.;
317 1000 360 1037 hine
374 1004 395 1037 ut
408 1000 440 1038 lllt.
454 1001 487 1049 20,
501 999 533 1039 23.
551 1002 649 1047 innueret,
667 1000 686 1037 in
706 999 834 1048 praemiorum

70 1050 204 1089 distributione
219 1053 343 1101 propensioni
356 1064 403 1090 suae
417 1053 517 1101 humanae,
532 1057 552 1090 ut
565 1057 654 1101 petentes
667 1051 780 1100 sperabant,
795 1061 834 1087 non

70 1114 115 1141 esse
129 1095 198 1151 ripun,
213 1104 248 1141 sed
262 1115 273 1141 a
285 1104 369 1155 benigna
383 1105 419 1143 Dei
430 1106 531 1155 justissimi
546 1105 671 1154 dispositione
686 1105 748 1142 omnia
763 1108 782 1141 et
795 1103 834 1140 hoe

68 1161 160 1204 respectu
174 1156 295 1204 dependere,
313 1162 367 1194 reete
381 1159 449 1195 edixit:
469 1157 554 1206 ,Sedere
571 1158 595 1195 ad
613 1158 710 1195 dexteram
727 1162 788 1193 meam
801 1155 834 1193 vel

70 1209 167 1246 sinistram
185 1220 223 1246 non
243 1213 273 1246 est
291 1214 353 1247 meum
372 1209 418 1247 dare
433 1211 518 1258 (vobis),
536 1210 572 1248 sed
589 1210 657 1259 quibus
676 1213 761 1258 paratum
779 1211 835 1245 esta

69 1260 200 1298 Pat1·erneo.“
239 1302 241 1305 y

48 1361 52 1364 μ
124 1313 198 1356 Quodsi
212 1313 318 1351 observatis
333 1315 386 1352 hisce
400 1314 474 1364 regulis
489 1315 549 1352 onmis
563 1325 679 1364 pugnarum,
695 1324 744 1362 quae
758 1314 777 1350 in
790 1310 845 1352 nie-L

72 1365 122 1404 diurn
138 1366 271 1414 proferuntur,
286 1378 297 1404 e
311 1378 337 1404 ss.
352 1367 420 1404 litteris
435 1368 534 1405 evanescit
548 1370 635 1414 caterua,
649 1370 721 1403 tanturn
735 1365 799 1413 abest,
813 1368 835 1402 ut

71 1418 171 1467 disciplina
185 1422 251 1456 nostra
265 1420 345 1466 partium
360 1420 416 1457 studii
430 1424 519 1468 suspecta
533 1419 635 1466 reddatur,
654 1430 719 1467 quun,
734 1430 783 1468 quae
798 1429 835 1455 cen

71 1472 141 1509 vitiosa
155 1472 273 1518 notavimus,
292 1473 333 1509 veri
347 1473 428 1509 nominis
442 1472 486 1509 vitia
501 1483 557 1519 esse,
572 1472 639 1521 negari
652 1475 745 1519 nequeat3
762 1475 783 1509 ut
796 1482 834 1519 po-

71 1524 109 1561 tius
128 1523 169 1560 illas
189 1524 220 1560 vel
239 1524 258 1560 in
276 1524 340 1561 odium
355 1535 380 1562 ss.
395 1525 505 1571 litterarum,
519 1525 551 1561 rel
565 1524 589 1560 ad
603 1524 761 1561 commendandas
775 1525 835 1572 inge-

70 1576 137 1613 niosas
151 1574 280 1624 hypotheses,
297 1577 383 1624 inprimis
403 1576 426 1613 ad
445 1576 590 1626 impugnandam
610 1587 636 1613 ss.
650 1575 740 1612 librorum
754 1574 835 1612 authen-

51 1646 55 1651 ·
71 1629 117 1666 tiam
135 1631 155 1665 et
173 1628 304 1676 axiopistiam,
323 1632 342 1665 et
360 1628 411 1676 quod
429 1629 474 1666 inde
493 1629 627 1675 consequitur,
645 1628 669 1665 ad
682 1627 835 1678 mythologorum

73 1681 148 1719 somnia
163 1679 277 1717 stabilienda
292 1680 314 1717 ab
330 1680 444 1719 adversariis
459 1685 561 1731 congestas
576 1691 631 1729 esse,
649 1680 700 1718 haud
714 1683 786 1718 temere
801 1690 835 1718 as-

72 1737 147 1771 seratur
155 1731 178 1778 ¹).
641 1751 643 1753 v

126 1785 241 1836 Respecto
255 1796 385 1835 pugnarum

126 1839 153 1883 B)
172 1837 366 1887 qualiumcunque
384 1849 479 1876 sacrum
497 1837 557 1876 inter
575 1840 598 1876 et
616 1838 739 1887 profanum
757 1838 836 1875 aucto·

34 1896 37 1899 ’
75 1900 125 1929 rem
139 1890 259 1938 interpreti
272 1890 353 1928 eodem
366 1890 435 1929 modo
449 1891 631 1939 procedendum,
645 1901 699 1928 narn
714 1891 736 1928 et
750 1889 850 1928 hican-·

72 1942 161 1991 tilogia,
176 1953 236 1991 quae
249 1953 271 1980 v.
286 1942 310 1980 in
324 1942 471 1992 corruptione
484 1944 568 1990 textus,
582 1954 603 1981 v.
618 1943 642 1981 in
656 1942 711 1981 vitio
725 1942 836 1991 interpre-

74 1994 182 2042 tationis,
196 1997 218 2032 ν.
232 1994 256 2033 in
270 2006 368 2033 erroneo
382 1994 514 2045 interpretis
528 1996 580 2034 loca
594 1994 735 2033 conferentis
745 1993 851 2044 jndicio·

74 2047 169 2095 residet,
179 2058 301 2097 perperam
310 2047 369 2097 ipsis
380 2048 514 2087 auctoribus
524 2048 698 2095 obtruderetur;
712 2058 772 2095 qrrae
780 2058 836 2085 vero

76 2102 155 2138 manet
168 2100 375 2149 enantiosis,‘quin
389 2100 439 2138 sive
448 2102 532 2150 textus,
547 2100 596 2139 sive
605 2099 773 2149 interpretatio,
787 2099 837 2138 sive

72 2150 189 2200 judicium
206 2152 338 2201 interpretis
356 2152 407 2192 vitii
427 2152 495 2201 argui
515 2152 602 2203 possit,
622 2163 679 2195 vera
698 2153 734 2191 est
750 2163 836 2202 pugna,

96 2317 114 2359 1)
126 2318 212 2348 ltlcmoratu
225 2317 273 2358 digna
284 2324 320 2349 sunt
330 2319 367 2350 loca
376 2317 408 2358 jain
421 2320 495 2360 superius
504 2318 533 2350 sub
542 2319 594 2351 littera
605 2321 623 2361 e)
634 2318 698 2350 laudata
708 2318 744 2349 Act.
756 2318 771 2356 9,
783 2317 799 2349 ¹7.
810 2317 837 2357 22,

128 2360 144 2390 9.
156 2366 172 2390 et
182 2361 208 2397 26,
220 2360 252 2398 14,
265 2360 322 2400 quibus
334 2361 371 2392 addi
383 2367 436 2401 potest
446 2361 482 2392 Act.
494 2362 509 2400 9,
521 2361 547 2392 30.
562 2362 599 2392 coll.
614 2371 649 2392 eum
664 2360 691 2399 22,
709 2360 777 2390 17-21.
792 2360 839 2391 Licet

128 2401 165 2433 loca
187 2401 228 2433 hacc
240 2402 260 2432 de
272 2401 329 2434 iisdem
343 2404 391 2434 rebus
406 2405 470 2444 agentia
484 2404 499 2434 in
515 2403 586 2443 pluribus
604 2403 682 2442 adjunctis
698 2411 730 2432 non
747 2404 838 2433 consentire

129 2444 219 2481 videantur,
232 2449 290 2482 tamen,
303 2454 338 2480 curn
353 2446 424 2485 ejusdem
436 2447 468 2477 sint
483 2447 552 2477 arroteris
565 2446 612 2484 sacri,
624 2455 671 2476 nenio
686 2444 756 2484 prudens
768 2454 788 2475 ea
799 2453 838 2475 vere

129 2487 159 2517 sibi
170 2487 275 2526 repugnantia
287 2496 323 2517 esso
340 2488 427 2526 contendit,
441 2488 521 2529 siquidem
532 2498 545 2518 s.
556 2488 614 2519 Lucam
631 2488 726 2526 scriptorem
737 2486 779 2517 adeo
790 2488 839 2527 inep-

129 2533 161 2559 tum
173 2528 264 2565 declarare,
276 2534 294 2558 nt
305 2529 348 2568 prius
360 2538 369 2558 a
380 2539 398 2559 se
410 2530 487 2562 dictorum
498 2539 564 2569 prorsus
576 2529 633 2561 oblitus
646 2533 697 2566 esset,
712 2529 758 2559 nimis
770 2528 839 2559 absurda

81 2594 83 2599 .
129 2570 171 2600 toret
185 2571 272 2600 criminatio
289 2570 335 2610 (hinc
352 2570 426 2601 Tantalus
438 2582 446 2602 a
457 2571 505 2602 labris
521 2572 574 2602 sitiens
596 2571 672 2611 fugientia
690 2576 744 2610 captat
761 2570 840 2609 llurnina).

130 2611 190 2649 Quodsi
201 2621 240 2642 vcro
253 2612 288 2642 loca
300 2611 342 2642 haec
354 2612 420 2643 diversis
433 2613 529 2644 deberentur
541 2612 637 2646 auctoribus.
650 2612 670 2642 de
681 2614 739 2652 pugnis
755 2612 796 2642 slvi
808 2621 839 2642 ne-

113 2693 115 2695 ,
130 2655 168 2684 sciis
178 2653 210 2692 jam
222 2653 248 2683 diu
259 2653 311 2694 plenis
323 2654 395 2685 buccinis
407 2655 539 2693 conclamassent,
551 2656 577 2696 qui
592 2654 675 2695 antilogias
690 2656 705 2684 in
718 2665 739 2685 ss.
753 2654 808 2685 litteris
820 2662 840 2683 ex

130 2695 204 2735 professo
217 2701 286 2735 captant,
298 2705 352 2737 neque
362 2697 500 2736 manifestissimis,
516 2707 557 2739 quae
573 2696 613 2738 ipsis
624 2696 731 2735 sacrislibris
742 2697 802 2736 insunt,
812 2697 839 2727 in-

131 2737 177 2768 diciis
188 2746 246 2777 sapere
258 2737 331 2769 discunt·
517 2749 518 2752 ¹
841 2739 843 2743 '
