1787 2921
778 95 823 135 203

56 194 167 249 collatur,
182 194 224 233 ,vel
244 193 371 244 Evangelia
394 195 476 241 nostra
500 190 715 233 conscribebantur.
752 192 825 241 Atqui*

56 247 131 299 primo
145 248 170 287 in
183 258 242 287 casu
255 248 398 296 adversarii,
413 250 435 287 et
449 247 494 298 ipsi
508 248 624 287 factorum
639 246 725 286 cni-isti
739 247 821 294 testes,

56 302 182 351 Apostolos
202 302 318 341 mendacii
338 302 472 352 arguissent
492 313 521 340 ac
541 301 633 340 fraudis
654 300 820 347 convicissent,

56 355 119 403 quod
132 356 211 393 tamen
224 355 312 393 sactum
325 365 387 400 esse,
402 366 448 394 non
462 357 553 393 tantum
565 353 646 393 nullibi
656 353 763 402 legimus,
778 353 821 391 sed

56 407 135 457 potius
153 407 239 446 multos
259 408 296 446 vel
316 418 343 447 ex
358 408 413 458 ipso
431 408 579 447 sacerdotum
599 406 680 445 ordine
700 405 730 444 ad
751 416 822 443 sacra

58 459 188 498 christiana
201 460 333 507 transiisse,
347 462 396 499 Act.
411 461 433 508 o,
448 462 469 499 t.
484 461 614 499 edocemur.
633 460 660 498 ln
674 459 749 496 altero
765 468 824 495 casn

58 514 139 550 coctus
157 512 278 552 christiani
298 524 378 552 omnes
397 510 513 561 eJ'usmodi
531 524 615 561 opera,
634 521 734 560 quorum
748 519 823 557 ,argu-

58 566 161 602 mentum
175 575 190 602 a
204 565 377 614 praedicatione
391 565 521 615 apostolica
534 565 618 603 suisset
632 565 746 608 alienum,
766 571 824 599 nun·

59 626 129 704 ulfiam
142 617 298 717 regopissent,
316 617 351 655 uti
361 617 435 655 edocet
453 616 549 664 rejectio
569 617 710 666 scriptorum
725 616 823 663 apocry-

59 678 159 716 porum
185 693 191 704 .
651 699 653 701 ,

113 719 150 770 Ast
163 722 287 756 contentum
302 718 349 756 a'N.
358 720 394 766 n,
409 719 451 766 sed,
465 723 486 756 ut
500 720 612 757 docebimus

397 853 418 904 c.
435 851 488 893 114.

176 918 195 950 Β.
206 919 257 951 Etiam
268 929 278 950 a
288 919 307 952 V.
317 920 335 952 F.
346 920 391 952 libris
402 923 452 953 sacris
464 931 520 953 omnes
531 921 581 966 mythi
592 919 658 951 arcendi
669 923 710 950 sunt.

115 1007 166 1046 lloc
177 1008 277 1047 tirmiter
289 1010 395 1049 tenemus

115 1060 136 1099 1.
151 1061 186 1099 Ob
201 1062 364 1110 auctoritatem
376 1064 434 1102 Jesn
446 1065 468 1103 ct
480 1064 652 1114 Apostolorum,
665 1064 733 1109 utpote
742 1060 773 1108 qui
783 1059 828 1097 coll.

64 1117 84 1159 §.
98 1113 131 1152 89.
144 1114 172 1151 VJ
180 1114 201 1151 F.
214 1115 275 1152 libros
289 1127 328 1154 non
342 1116 444 1163 humanos,
459 1116 494 1154 sed
508 1117 589 1163 divinos,
604 1125 709 1162 eorumque
723 1124 828 1162 argumen-

62 1170 101 1203 tum
116 1177 155 1203 non
169 1166 239 1214 lictum,
254 1167 289 1205 sed
303 1180 369 1206 verum
384 1168 461 1217 habent,
476 1173 495 1206 et
509 1170 532 1206 ab
547 1168 634 1206 omnibus
648 1166 714 1203 baberi
728 1166 800 1202 volunt.

72 1227 76 1230 ’
117 1218 139 1256 24
162 1219 222 1267 Quia
241 1220 357 1268 rationes,
378 1232 438 1269 quas
456 1222 589 1270 mytbornm
608 1217 701 1269 patroni
719 1218 828 1264 afferunt,

62 1280 110 1324 non
124 1270 207 1309 solidis
223 1270 392 1320 fundamentis,
407 1273 449 1312 sed
463 1272 614 1323 praeiudiciis
628 1270 696 1310 nixae
709 1269 829 1308 inveniun-

62 1324 108 1360 tur.
123 1322 180 1360 Suum
194 1335 241 1361 vero
256 1325 275 1361 in
289 1324 346 1363 linem
359 1330 477 1374 provocant:
873 1366 876 1369 Α

117 1376 140 1418 a)
155 1374 178 1411 ad
192 1375 300 1425 analogiam
315 1379 397 1415 omnium
412 1378 535 1426 populorum,
555 1378 587 1425 qui
605 1376 691 1414 Varrone
707 1374 773 1424 Jndice
791 1372 830 1410 ba-

62 1424 133 1462 bebant
147 1429 229 1463 aetatem
244 1428 366 1466 obscuritatis
382 1432 401 1465 et
415 1431 545 1478 ignorantiae,
562 1429 607 1466 dein
626 1431 707 1465 aetatem
722 1426 829 1473 mythicam,

63 1476 96 1513 ubi
110 1476 166 1513 lactis
180 1479 231 1515 veris
245 1479 333 1516 lictiones
352 1480 448 1517 admixtae
466 1484 520 1526 sunt,
539 1480 615 1517 demum
633 1479 752 1522 historicam,
772 1480 791 1512 et
805 1476 829 1512 ab

63 1527 100 1564 hac
118 1527 235 1565 conditione
249 1531 344 1568 communi
364 1542 389 1568 ne
409 1531 518 1568 hebraicam
538 1531 615 1578 quidem
635 1533 713 1579 gentem
734 1530 829 1564 exemtam

66 1577 127 1619 tuisse
142 1581 235 1625 statuunt;
453 1625 455 1628 y

75 1633 82 1638 ”
117 1630 139 1676 b)
154 1630 178 1668 ad
191 1631 241 1671 lacta
257 1632 373 1683 prodigiosa,
388 1635 470 1682 quaein
484 1633 537 1671 libris
550 1633 573 1671 V.
586 1633 607 1671 F.
621 1636 731 1677 narrantur,
746 1634 766 1668 et
779 1640 829 1679 quae

63 1682 146 1732 prodere
161 1683 226 1723 dicunt
239 1685 292 1736 vulgi
307 1687 443 1737 ignorantiam,
463 1691 543 1725 eventus
562 1686 659 1724 naturales
678 1686 742 1723 causis
757 1694 830 1733 super-

63 1736 180 1775 naturalibus
195 1737 327 1778 adscribentis.
344 1740 414 1778 Verum
427 1740 578 1789 respondemus:

116 1790 151 1829 Ad
165 1803 183 1829 a.
197 1792 347 1831 Communem
361 1795 449 1832 sortem
463 1793 565 1840 omnium
578 1792 680 1842 gentium
693 1789 829 1830 hebraicum

64 1853 158 1893 qnoque
169 1845 279 1893 populum
293 1846 375 1884 bacin
388 1857 414 1885 re
428 1849 547 1895 expertum
559 1857 619 1893 esse,
634 1855 759 1894 negamus3
773 1854 829 1881 nam

64 1895 132 1943 longe
146 1896 210 1934 aliud
223 1899 259 1935 cst
273 1900 435 1946 argumentum
449 1899 568 1944 librorum,
584 1898 623 1947 qui
635 1896 779 1945 reliquarum
788 1906 829 1933 na-

64 1946 153 1985 tionum
171 1948 325 1988 conditionem
344 1963 373 1989 ac
391 1950 459 1989 iidem
479 1953 651 1997 oorrtestantur,
670 1961 699 1988 ac
717 1949 786 1996 quale
805 1947 831 1986 in

64 1999 141 2036 sacris
155 2000 315 2040 Hebraeorum
329 2002 395 2041 libris
409 2003 522 2049 traditur,
541 2003 591 2041 sive
604 2014 644 2041 res
659 2001 764 2048 divinas,
779 1999 829 2037 sive
843 2036 844 2039 ,

65 2050 199 2097 historicas,
213 2052 263 2090 sive
277 2054 387 2101 physicas
402 2056 501 2102 spectes.
515 2054 605 2092 Etenim

118 2106 140 2147 α)
154 2105 262 2152 respectu
275 2115 354 2144 rerum
368 2106 499 2143 divinarum
513 2117 579 2144 omnes
594 2106 693 2155 gentilium
707 2105 830 2142 narrationes

66 2154 209 2201 antiquissimae
223 2166 234 2191 a
247 2167 320 2194 vesano
335 2158 462 2205 polytbeismo
481 2158 590 2204 ordiuntur,
610 2159 642 2205 qui
660 2157 768 2194 uberrimus
787 2167 832 2203 my-

66 2205 152 2252 tborum,
167 2206 263 2243 fictionum
278 2212 297 2243 et
311 2208 416 2246 tabularum
430 2208 474 2245 fons
489 2214 529 2253 est;
548 2210 596 2246 deos
612 2210 697 2256 deasque
711 2219 796 2245 crassum
811 2208 831 2242 in

67 2257 141 2292 modum
156 2258 257 2298 sensuales
271 2265 428 2307 repraesentans
447 2271 481 2297 eos
496 2260 634 2298 sacrificiorum
649 2261 756 2297 oblatorum
771 2258 832 2294 odore

35 2311 38 2314 ’
66 2308 160 2345 delectari
173 2309 210 2346 sibi
223 2310 359 2359 imaginantur3
379 2323 445 2349 eornm
463 2312 557 2349 connubia
576 2317 595 2349 et
614 2312 710 2350 adulteria
726 2315 762 2347 tam
781 2310 833 2346 inter

67 2372 95 2406 se,
110 2372 165 2408 quam
180 2372 221 2398 cuin
237 2362 343 2401 bominibus
357 2364 453 2408 relerunt3
471 2364 614 2412 dissensiones,
628 2366 681 2402 rixas
697 2368 716 2400 et
729 2362 780 2399 bella
795 2373 832 2398 ex-

67 2417 149 2462 ponunt,
169 2414 237 2462 quibus
252 2414 326 2466 Olympi
340 2417 415 2455 incolae
432 2417 482 2454 inter
499 2429 521 2455 se
536 2416 663 2468 confligentes
675 2417 714 2466 jam
729 2415 775 2462 hos,
792 2414 833 2463 jani

67 2467 111 2522 illos
123 2467 219 2505 ‘sodalium
234 2479 312 2521 snorum
331 2470 418 2509 devictos
436 2474 455 2508 et
474 2470 498 2507 de
512 2470 569 2510 coelo
588 2471 675 2521 dejectos
690 2469 738 2509 sorti
752 2468 833 2506 immor-

90 2624 108 2663 1)
120 2621 194 2653 clem.
208 2607 315 2656 lleidenreich
328 2624 378 2655 Uiber
392 2610 417 2656 die
431 2603 561 2665 timulassigken
576 2625 605 2655 der
619 2624 719 2664 mythiscbcn
734 2623 836 2663 Arriiassnng

119 2664 153 2738 111ἒέ
156 2665 272 2738 lllistorisehcn
282 2668 303 2698 im
314 2677 369 2698 neuen
379 2666 481 2698 Testamente
491 2668 524 2698 und
536 2666 659 2698 Christcnthum.
670 2667 680 2696 3
691 2666 743 2696 llelte.
760 2662 834 2705 llerboni¹

165 2729 169 2737 .
181 2716 226 2748 seqq.
