1765 2921
59 108 110 147 rio

65 204 144 253 posita
156 207 223 253 suut,
241 207 268 244 ut
285 206 335 245 hae
347 206 413 255 lps'ae
430 205 482 245 sine
499 203 593 244 illorum
611 203 699 245 notitia
708 204 749 245 aut
762 204 831 256 plan'e

64 266 123 303 non,
142 260 183 295 aut
201 258 285 296 saltem
304 269 350 297 non
369 259 435 308 plene
449 269 478 296 ac
492 259 594 308 perfecte
608 258 719 308 cognosci
732 258 831 309 possint.

14 320 17 324 ·
65 328 90 336 —
105 308 166 346 Huc
157 321 197 357 Jarn
211 312 316 358 pertinent:

120 361 140 400 l.
154 362 233 407 Aetas,
247 362 324 412 patria
338 363 361 400 et
374 361 422 411 ling
423 374 453 401 ua
467 363 590 410 loquentis.

119 413 211 467 1133333
224 413 344 463 interpreti
358 416 414 452 nota
428 426 481 453 esse
495 415 591 461 dehere,
610 413 663 452 inde
681 415 771 462 patet,
776 413 832 462 quia

65 475 137 503 secus
151 466 230 503 multis
244 466 298 503 aliis
313 466 499 504 lrermeneutieae
513 466 672 514 adminiculis,
691 466 721 504 ad
735 477 831 505 sensum

65 515 230 557 inveniendum
238 517 337 557 maxime
346 519 496 567 necessariis,
510 520 579 569 plane
589 519 759 558 destitueretur.
773 519 831 558 Nam

66 570 88 608 si
101 570 220 619 ignoraret

120 626 143 668 a)
157 623 272 669 Aetatem,
291 633 338 671 qua
357 622 455 672 loquens
473 624 510 663 vel
529 622 583 662 viva
601 634 670 672 voce,
688 623 726 662 vel
743 622 831 673 scripto

66 675 170 723 cogitata
183 686 300 723 sensaque
314 687 359 714 sua
373 676 539 722 manifestavit,
554 679 645 714 careret

119 730 141 773 a]
156 728 261 777 perlecta
275 728 379 777 linguae,
399 740 446 777 qua
458 730 556 777 loquens
570 739 628 766 usus
643 731 679 766 est
693 727 830 776 cognitione,

66 778 123 829 quia
136 780 302 828 mutationum,
321 792 362 830 per
380 781 504 820 decursum
522 779 633 830 temporis
647 781 775 827 factarum,
793 791 831 818 ra·

67 833 154 871 tionem
168 834 255 871 habere
269 844 316 871 non
329 836 420 882 posset,
435 835 457 872 et
471 833 567 883 proinde
581 832 652 870 aetati
666 832 781 881 loquentis
795 833 831 871 la·

67 885 111 923 3113
125 885 237 923 tribueret
251 896 286 933 ea,
301 896 361 934 quae
375 886 405 923 ad
420 886 483 924 aliud
497 885 611 935 pertinent
621 896 711 923 aevum.
725 885 766 923 Etsi
780 885 830 923 enim

66 935 144 987 linguae
158 949 193 986 per
206 938 260 987 plura
274 938 351 977 saecula
369 940 388 976 in
407 939 511 977 substantia
531 940 609 976 eaedem
627 949 704 975 manere
718 942 799 987 possunt
812 942 831 975 et

65 1001 135 1028 revera
150 995 231 1037 manent,
244 992 264 1028 in
278 990 426 1029 accidenlalihus
440 996 502 1028 lamen
517 992 630 1029 mutationes
644 991 709 1029 subire
724 990 831 1039 33133111-

66 1053 139 1090 versas,
154 1054 272 1092 nequaquam
285 1043 424 1094 negligendas3
438 1045 574 1082 destitueretur
755 1053 760 1058 “

119 1096 142 1144 β)
157 1097 222 1134 certa
235 1095 374 1135 conditionis
388 1096 526 1135 bibliearum
541 1098 590 1135 tum
608 1106 698 1157 reruni,
716 1097 830 1157 1313331·-

67 1158 180 1186 sonarum
194 1148 283 1194 notitia,
298 1160 353 1197 quam
368 1153 431 1187 tamen
446 1151 544 1198 interpreti
557 1150 687 1187 necessariam
702 1160 753 1193 esse,
767 1150 830 1186 serius

67 1201 248 1248 demonstrabimus,
266 1213 310 1239 nam
325 1201 422 1251 quaelibet
435 1206 488 1241 aetas
503 1203 554 1240 circa
569 1202 613 1240 13113
627 1202 663 1240 sibi
676 1201 780 1250 peculiaria
794 1199 831 1239 ha-

66 1253 113 1292 bere
127 1254 183 1291 solet.

121 1306 143 1351 b)
157 1305 263 1344 Patriam
275 1306 392 1354 loquentis
406 1317 449 1345 seu
462 1306 592 1355 regionem,
610 1305 635 1345 iu
653 1316 700 1354 qua
718 1304 831 1343 educatus

67 1359 103 1396 est
118 1360 140 1396 et
153 1358 221 1405 vixit,
240 1358 359 1407 interpreti
377 1361 456 1397 notam
470 1370 523 1398 esse
540 1361 630 1408 oportet
643 1358 727 1397 iisdem
740 1358 789 1396 fere
803 1368 832 1395 ex

67 1410 159 1459 causis3
177 1422 220 1448 narn
233 1412 312 1459 'quaevis
326 1412 380 1472 regio
399 1416 490 1460 respectu
500 1416 540 1449 tam
554 1410 641 1461 linguae,
661 1422 716 1459 quam
730 1421 793 1447 rerum
808 1420 830 1446 ae

67 1474 193 1511 personarum
207 1463 300 1512 quaedam
314 1465 390 1514 propria
403 1464 506 1502 habet-
520 1463 607 1513 Denique
620 1467 686 1502 notum
700 1473 744 1501 esse
759 1462 830 1500 debere

66 1516 166 1565 interpreti

120 1571 142 1613 3]
160 1579 208 1617 qua
224 1568 305 1617 lingua
322 1579 381 1607 usus
399 1569 431 1607 sit
447 1569 557 1617 loquens,
576 1568 629 1607 inde
645 1567 756 1617 patescit,
775 1543 831 1615 quia

67 1630 138 1658 secus
151 1620 283 1659 versionem
297 1632 339 1670 pro
354 1620 461 1669 originali
475 1622 567 1659 habere
575 1622 667 1670 posset,
681 1622 704 1658 et
717 1620 750 1658 ita
764 1619 831 1658 certi-

67 1672 147 1710 tudine
160 1672 202 1711 illa
215 1673 389 1721 destitueretur,
404 1684 474 1722 quarn
484 1675 560 1711 textus
575 1672 695 1721 originalis
710 1683 766 1722 prae
779 1671 831 1710 vcr-

67 1725 134 1763 sione
148 1725 255 1774 praebet,
270 1737 322 1773 cum,
337 1729 358 1763 ut
371 1727 436 1764 verbis
450 1737 466 1763 s
479 1725 590 1774 Hieronymi
604 1730 688 1772 utamur,
708 1725 778 1773 „multo
794 1735 830 1774 pu-

67 1779 108 1815 rior
122 1789 199 1815 manare
214 1777 310 1815 credenda
325 1778 420 1816 sitientis
434 1778 491 1825 unda,
506 1789 561 1826 quam
575 1778 616 1815 rivi.
619 1779 629 1798 “
638 1777 654 1822 1)

121 1829 142 1866 2Ι
161 1829 219 1867 Fata
233 1830 342 1878 tactaque
356 1830 479 1878 loquentis
492 1830 543 1868 Non
555 1840 610 1868 raro
624 1829 722 1878 loquens
737 1828 767 1866 ad
780 1828 832 1866 tata

66 1881 176 1929 tactaque
195 1892 240 1919 sua
256 1881 290 1919 ita
308 1882 400 1929 alludit,
419 1884 445 1920 u't
462 1893 536 1930 neque
555 1893 597 1919 cur
615 1882 659 1919 lro'c
678 1883 701 1918 et
718 1891 766 1919 non
783 1879 830 1918 alio

66 1933 148 1980 modo,
167 1943 241 1982 neque
261 1934 316 1981 quid
334 1933 407 1981 dicat,
427 1934 496 1972 tacite
515 1933 611 1982 intelligi
624 1933 711 1982 possit,
730 1932 776 1973 nisi
789 1929 831 1970 1113

67 1986 134 2034 plene
152 1985 200 2024 sint
218 1986 318 2034 cognita.
339 1986 402 2024 Sicv
416 1998 435 2035 g.
449 1997 488 2023 non
506 1986 562 2023 facile
581 1986 675 2035 intelliget
692 1985 734 2033 quis
753 1995 830 2022 sensum

66 2038 168 2075 verborum
182 2048 198 2075 s.
212 2038 265 2075 Pauli
283 2038 307 2075 ad
325 2037 366 2075 Gal.
381 2037 399 2085 1,
415 2038 443 2086 1.,
462 2038 493 2075 ubi
512 2049 534 2076 se
551 2038 665 2086 Apostolum
684 2048 719 2085 per
737 2036 830 2074 Christum
846 2038 851 2042 ”

66 2093 155 2126 vocatum
170 2090 262 2138 appellat,
275 2091 313 2127 nisi
327 2091 346 2127 'ei
360 2092 438 2139 cognita
451 2090 532 2136 tuerint,
547 2100 597 2137 quae
611 2089 668 2128 Saule
682 2089 770 2125 evenisse
783 2099 831 2125 nar-

66 2144 133 2178 rantur
147 2140 192 2178 Aa.
207 2142 225 2188 9,
241 2142 311 2179 1-16.
330 2141 397 2190 Neque
416 2144 472 2180 etiam
491 2142 606 2190 perspiciet,
625 2152 659 2178 cur
676 2139 781 2188 Apostolus
799 2140 831 2177 hic

67 2192 136 2230 eodem
151 2194 195 2230 loco
210 2194 258 2231 adeo
273 2194 365 2231 sollicitus
382 2195 407 2232 sit
421 2193 444 2231 de
459 2194 571 2231 auctoritate
586 2204 621 2230 sua
635 2193 739 2241 apostoliea
754 2192 830 2238 luenda,

68 2245 99 2282 eui
113 2240 198 2295 ignotum
214 2248 253 2292 est,
268 2247 399 2283 auctoritatem
413 2246 462 2283 hanc
477 2246 518 2293 eJ'us
532 2256 567 2293 per
578 2245 697 2294 judaizantes
712 2244 830 2282 Christianos

67 2298 116 2345 apud
85 2297 206 2385 &galatas
221 2308 266 2335 esse
280 2297 394 2350 diminutam.
418 2297 455 2335 Cir.
468 2297 490 2334 11.
504 2297 587 2344 Petril,
603 2296 633 2335 17
649 2297 679 2335 18
695 2308 737 2334 curn
751 2296 783 2333 1111
800 2295 830 2343 ll,

121 2399 142 2437 3.
157 2400 243 2438 Gestus
258 2401 281 2437 et
294 2401 488 2448 pronuntiationis
502 2403 579 2440 tonus.
597 2400 697 2448 Uterque
712 2410 765 2437 cum
778 2409 831 2437 ora-

67 2452 138 2489 tionis
153 2453 225 2495 33353
238 2452 271 2490 113
291 2452 410 2500 331ι33ι·,31
429 2456 466 2501 31,
485 2453 625 2502 experientia
644 2451 779 2499 quotidiana
798 2453 831 2488 te·

11 2505 13 2509 ’
51 2498 156 2550 stante,
177 2504 216 2541 illo
236 2503 329 2552 cognito
347 2504 482 2553 plerumque
500 2505 626 2543 evanescat
643 2503 775 2554 obscuritas
790 2502 831 2540 131-

69 2555 177 2604 laturque
191 2555 344 2604 ambiguitaS,
359 2556 419 2594 etin
433 2557 509 2606 specie
523 2556 676 2604 intelligatur,
694 2551 786 2605 proprie
800 2564 831 2591 an

89 2723 108 2763 1)
119 2723 161 2756 adv.
171 2723 265 2755 Helvidium.
370 2686 386 2711 ι
