1787 2921
767 126 794 162 ttt

160 218 234 258 trinae
255 218 396 265 christianae
417 218 591 271 pertinentium,
612 231 631 260 s.
650 220 794 271 Scriptmam

160 274 190 310 ad
209 285 265 311 suos
284 285 368 313 sensus
387 277 554 321 contorquens,
574 276 654 312 contra
673 286 723 312 eum
743 286 795 312 sen·

159 335 223 369 sum,
242 335 309 370 quem
328 326 401 362 tenuit
419 328 441 362 et
460 327 522 362 tenet
539 328 622 363 sancta
636 327 709 362 mater
724 326 795 362 eccla·

160 375 208 423 sia,
228 375 300 424 cujus
316 378 350 415 est
366 376 474 425 jttdicare
493 376 521 415 de
534 388 590 416 vcro
605 387 677 415 sensu
691 377 712 414 et
722 377 795 423 titter-

159 429 286 479 protationc
305 430 477 481 scripturarum
498 433 645 479 sanctarum,
666 431 706 469 aut
725 430 794 468 titiam

160 485 241 519 ‹sonti-a
248 484 378 520 unanimem
387 495 525 521 consensum
533 486 629 522 Patrum
636 485 711 532 ipsam
718 483 794 529 scrip-

158 535 235 569 turam
254 543 346 569 sacram
365 534 511 580 interpretari
529 536 625 580 audeat,
644 534 736 571 etiamsi
754 534 794 569 bu-

155 582 475 635 jusmodiinterpretationes
494 586 557 625 nullo
576 596 677 636 unquam
691 587 794 636 tempore

159 639 182 678 in
196 640 271 678 lucem
285 639 387 678 edendae
400 639 499 678 fercuta
835 689 838 693 .

58 728 61 731 ,
86 692 174 739 Quodsi
189 692 294 738 singulas
308 692 395 729 decreti
408 692 479 738 hujus
488 692 626 739 respicimus
635 694 722 740 partes,
737 693 794 728 Gon-

34 742 110 780 ciliuni

87 797 113 843 A)
127 805 232 834 normam
246 793 339 843 statuit,
354 796 519 846 contraquam
533 805 566 834 ss.
580 793 670 834 litteras
685 793 795 845 interpu-

33 850 83 888 tari
92 861 137 887 non
156 849 220 896 licet,
239 850 276 888 cui
295 849 371 899 potius
390 850 465 889 onmis
484 861 564 888 earum
582 849 740 898 interpretatio
761 861 794 886 rt·

21 902 146 947 ,spondeat
160 903 257 948 oportet,
272 902 379 938 nimirum
393 912 488 939 serrsum
502 901 615 938 ecclesiae
630 904 652 938 ct
663 901 794 937 unanimem

33 961 65 988 55.
79 952 175 988 Patrum
190 962 336 998 consensum,
352 953 428 988 dicens:
443 952 525 998 „Coirtra
541 963 582 989 eum
595 962 679 998 sensum,
694 962 749 998 quera
766 958 795 987 tc-

32 1005 72 1043 nuit
91 1008 110 1044 et
128 1009 180 1044 tenet
198 1016 215 1044 s.
229 1009 289 1044 mater
303 1004 396 1054 ecclesia,
415 1005 516 1045 autetiam
535 1008 601 1045 contra
620 1005 726 1044 unanimem
745 1015 794 1042 citti-

32 1071 108 1096 sensmn
123 1059 209 1096 Patrum“
225 1064 290 1105 (nemo
305 1061 426 1108 interpretari
440 1060 524 1104 audeat).
562 1109 564 1111 Ι

86 1112 159 1157 Quem
173 1122 229 1147 vero
248 1111 346 1147 ecclesia
364 1111 463 1147 tenuerit
481 1113 504 1147 et
521 1111 723 1155 teneat'sensum,
742 1111 794 1156 ipsa

32 1161 116 1209 partim
138 1160 280 1208 immediate,
301 1160 385 1210 partim
403 1160 502 1198 mediate
520 1159 678 1198 manifestavit
699 1160 794 1197 manile-

32 1214 131 1264 statque.

33 1319 47 1354 b
87 1268 106 1305 l.
121 1269 265 1316 lnnnedlate,
284 1270 338 1307 dum
352 1280 447 1307 sensum
461 1280 529 1307 suum
543 1267 630 1317 apertis
644 1266 731 1306 indicat
746 1278 795 1305 ter-

48 1319 76 1363 is,
91 1321 148 1365 hique
245 1325 247 1327 ’
275 1333 277 1336 ’

86 1372 108 1414 a)
123 1369 208 1406 directe
227 1375 247 1411 a)
261 1369 284 1406 in
302 1379 385 1417 genere
404 1370 534 1407 versionem
554 1369 677 1416 Vulgatam
692 1379 750 1405 sensu
772 1379 795 1404 a-

33 1422 77 1461 timi
91 1421 258 1471 authenticam,
277 1424 289 1463 i.
305 1435 321 1462 e.
336 1422 364 1463 in‘
374 1423 537 1463 essentialibus
556 1432 608 1461 cum
625 1422 701 1462 mente
715 1432 795 1461 sacro·

33 1488 85 1514 rum
106 1479 227 1515 auctorum
248 1477 428 1516 consentientem
451 1477 602 1524 declaraud03
624 1478 646 1524 β)
666 1476 689 1514 in
709 1476 807 1525 specie,-

32 1539 87 1565 num
106 1528 197 1576 proprie
216 1539 247 1565 an
265 1529 364 1576 tropice,
383 1530 530 1575 de'quanam
548 1539 573 1565 re
592 1530 614 1564 et
627 1529 742 1574 quomodo
757 1527 795 1563 hic

34 1577 100 1616 illeve
114 1579 180 1616 locus
194 1589 214 1616 s.
228 1578 363 1627 Scripturae
377 1579 539 1627 intelligendus
553 1578 596 1623 sit,
614 1577 795 1615 determinando.

34 1630 66 1672 Sic
79 1644 97 1671 v.
113 1644 131 1685 g,
147 1631 229 1672 ecclesia
244 1644 321 1672 seusam
336 1633 437 1673 verhmum
451 1631 514 1672 llatth.
529 1632 560 1681 26,
576 1630 608 1672 26.
623 1630 654 1671 28.
674 1633 693 1669 et
712 1629 795 1681 paralla-

35 1687 106 1724 lcrum:
121 1687 174 1735 „Hoc
189 1693 373 1737 estccrpusmeum,
388 1689 419 1725 hic
433 1694 463 1726 est
478 1688 527 1725 calix
541 1687 639 1737 sauguinis
654 1686 703 1723 mei“
715 1687 795 1723 in-con-

34 1738 77 1773 cilio
96 1740 146 1775 Trid.
168 1751 217 1775 sess.
235 1740 282 1776 Xlll.
300 1741 414 1785 declaravit,
436 1741 508 1776 docens
529 1750 545 1775 c.
566 1739 583 1775 l.
616 1738 711 1784 „lllajcres
731 1739 791 1774 nostri
845 1753 847 1756 v

35 1798 107 1835 omues,
122 1793 216 1837 quotquot
230 1791 248 1825 in
260 1801 307 1826 vera
318 1790 386 1827 Christi
400 1790 484 1827 ecclesia
498 1789 581 1835 luerunt,
596 1789 628 1836 qui
640 1788 663 1824 de
672 1789 793 1823 sanctissino

34 1838 71 1879 hoc
88 1840 210 1882 Sacramenta
230 1841 372 1893 disseruerunt,
388 1843 506 1895 apertissime
526 1840 609 1892 prolessi
630 1843 685 1888 sunt,
704 1838 741 1879 hoc
759 1843 794 1877 taur

35 1896 143 1935 admirabile
157 1897 299 1936 Sacramentum
314 1899 332 1936 iu
347 1899 411 1936 ultima
426 1894 724 1937 coenaRedemtorem‘nostrum
737 1895 793 1941 insti-

34 1949 101 1994 tuisse,
116 1960 172 1995 quum
188 1954 231 1997 post
244 1949 297 1996 panis
311 1952 389 1997 vinique
403 1951 556 1987 benedictionem
570 1960 591 1985 se
606 1959 660 1984 suum
675 1947 733 1994 ipsius
748 1958 794 1982 cm·-

35 2008 69 2044 pus
91 2000 183 2047 praebere
202 2011 225 2035 ac
246 2010 300 2036 suum
321 2002 444 2049 sanguinem,
467 2001 543 2035 disertis
562 2010 584 2034 ac
605 1998 711 2044 perspicuis
729 1997 794 2031 verbi-v

35 2052 115 2090 testatus
134 2053 182 2091 est.“
211 2051 249 2091 can
269 2051 286 2093 l.
319 2053 352 2103 „ln
374 2053 495 2091 sanctissimo
518 2049 648 2090 Eucharistiae
671 2047 794 2088 Sacramemo

36 2108 194 2153 commeavere,
214 2109 291 2146 realiter
311 2113 330 2146 et
344 2108 493 2147 substantialiter
507 2106 580 2153 Corpus
595 2108 614 2142 et
628 2104 742 2154 Sanguinem
758 2110 793 2141 uta

36 2167 76 2194 cum
92 2160 152 2195 anima
167 2165 186 2196 et
200 2161 297 2197 divinitate
307 2160 386 2198 'Duritini
400 2162 461 2197 nostri
474 2160 520 2196 lesu
535 2159 610 2202 Christi,
629 2169 651 2193 ac
666 2158 745 2204 proinde
765 2162 795 2191 tc-

36 2210 72 2241 tum
87 2209 203 2255 Christun1;“
219 2221 260 2245 can.
275 2212 294 2248 2.
309 2211 425 2257 „illirabilem
439 2215 459 2246 et
465 2209 581 2257 singularem
594 2208 635 2242 fieri
650 2209 794 2242 conversionem

35 2259 92 2299 totius
106 2260 224 2300 substantiae
240 2264 293 2312 panis
308 2264 327 2302 in
341 2262 421 2315 Corpus,
436 2267 456 2301 et
471 2263 528 2300 totius
543 2258 659 2298 substantae
669 2257 707 2296 viui
719 2256 794 2312 insau-

35 2315 117 2364 guinem
132 2317 250 2355 inmunibus
265 2317 356 2357 duntaxat
370 2318 471 2368 speciebus
485 2316 539 2367 panis
554 2320 573 2353 et
586 2315 648 2360 vini;“
669 2325 703 2351 can
717 2312 735 2351 3.
762 2312 793 2359 ,lu

36 2367 140 2405 admirabili
154 2369 283 2406 Eucharistiae
298 2373 420 2408 Sacramenta
436 2383 480 2408 esse
496 2370 602 2416 Corpuset
615 2368 728 2415 Sanguinem
739 2365 762 2401 Ι).
773 2365 794 2400 N.

36 2415 52 2450 J.
67 2418 136 2455 Christi
144 2425 199 2464 ante,
214 2421 232 2455 in
247 2426 267 2455 et
281 2425 325 2466 post
339 2420 603 2457 sumamma-‘sessione
618 2419 647 2454 Vl.
662 2428 690 2462 cp.
701 2415 736 2452 -14,
751 2415 789 2450 coll

36 2477 51 2504 c.
65 2467 114 2508 loan
127 2470 159 2518 20,
175 2470 207 2510 22.
221 2469 253 2510 23.
268 2471 382 2511 declaravit:
408 2471 457 2521 ,Pro
478 2472 513 2519 iis,
533 2471 565 2521 qui
586 2471 629 2519 post
648 2465 761 2515 baptismum
775 2465 795 2502 iu

35 2529 114 2571 peccata
127 2525 222 2574 labuntur,
237 2526 321 2567 Christus
335 2527 392 2567 Jesus
407 2527 547 2567 Sacramentum
561 2523 641 2564 instituit
658 2519 794 2571 poenitentiae,

36 2587 78 2613 cum
92 2579 148 2615 dixit:
167 2579 254 2626 Accipite
269 2582 357 2628 Spiritum
372 2593 394 2627 s,
409 2592 489 2628 quorum
502 2578 613 2616 remiseritis
627 2578 713 2622 peccata,
727 2576 795 2611 remit-

36 2629 100 2663 tuntur
114 2630 149 2671 eis,
164 2633 183 2663 et
197 2640 277 2673 quorum
291 2633 413 2673 retinueritis
428 2627 502 2667 reter'ita
516 2629 582 2670 suut;“
604 2629 623 2660 et
637 2626 690 2661 Sess.
709 2626 755 2661 XIV.
771 2626 795 2660 de

37 2674 90 2715 Sam.
108 2678 179 2728 poenit.
199 2690 228 2729 cp.
252 2681 268 2719 l.
308 2682 415 2732 ,Dominus
438 2681 577 2718 Sacramentum
597 2676 728 2726 poenitentiae
752 2677 812 2711 tnnc*

35 2733 139 2783 praecipue
158 2734 248 2783 instituit,
279 2749 320 2775 curn
340 2750 350 2776 a
369 2736 447 2776 mortuis
469 2734 562 2773 excitatus
581 2730 684 2771 insufflavit
703 2732 722 2771 iu
737 2730 795 2770 disci-

632 2797 662 2835 251·
