1765 2921
93 94 135 134 126
195 114 197 116 -

331 202 333 206 ·
368 187 409 229 ι)
420 185 554 222 heterodoxis.

143 241 342 293 Quemadmodum
356 243 473 292 Apostotis
487 242 601 282 adversus
615 241 757 283 Judaeorum
767 246 789 284 et
798 256 851 303 gen-

90 297 164 336 tilium
178 307 271 335 errores
286 297 432 343 certandum,
450 296 483 334 ita
502 297 572 335 etiam
591 299 672 335 contra
686 309 732 336 eos
746 301 797 337 erat
811 312 850 349 pu-

90 349 219 400 gnandum,
240 349 280 397 qni
298 344 430 387 doctrinas
435 349 577 387 christianus
596 350 626 388 ad
645 350 770 400 principia,
792 353 850 401 qirae

90 404 144 441 ante
158 409 226 440 suurn
240 402 270 439 ad
285 412 354 439 sacra
368 400 496 439 christiana
511 402 635 441 transitum
649 403 799 451 imbiberam,
814 405 851 444 de-

89 456 182 494 flectere
205 454 356 496 oorrabautur.
368 453 507 503 Praecipui
527 465 608 493 eorum
628 457 683 494 sunt
704 431 808 494 Gnostu’i
829 460 851 496 et

89 506 220 553 Ebionitae,
240 517 319 553 quorum
338 507 424 553 priores,
444 507 575 556 philosophiae
593 510 622 545 sic
636 508 697 545 dictae
712 509 799 546 orientali
814 509 850 546 dc-

48 600 52 604 ,
90 560 130 603 diti,
144 559 230 608 diuersas
245 558 374 595 emanationes
389 559 505 605 statuebant3
520 560 544 596 de
558 572 639 609 corpore
653 561 734 598 humano
749 563 769 597 et
781 563 850 609 nuptiis

89 612 171 649 tenuiter
185 610 302 657 sentiebant,
321 613 340 646 et
358 622 396 648 non
416 615 486 648 tantum
504 611 526 648 V.
540 613 560 649 T.
576 613 679 661 despectui
692 613 797 660 habebant,
816 615 851 651 sed

89 664 218 711 semetipsos
233 663 289 699 ettam
302 661 350 699 Jesu
365 667 383 700 et
397 664 495 710 Apostoiis
510 665 636 712 sapientiores
651 665 795 712 praedicabant,
814 677 850 701 va-

87 717 161 762 riisque
175 714 322 763 sophismatibus
337 725 360 750 ac
373 715 441 751 fabulis
456 715 541 752 homines
551 716 675 764 deludebant,
689 715 850 763 Ebionitacvero,

89 767 187 803 Judaismo
202 766 260 803 veluti
274 767 367 811 immersi,
386 766 407 801 V.
422 766 441 801 F.
455 766 515 802 libros
530 767 640 814 apostolicis
659 778 697 804 non
711 767 767 803 modo
782 769 847 814 aequi-

46 851 51 860 ,,
89 819 187 867 parabant,
202 817 243 862 sed,
258 816 369 864 quibusdam
384 817 456 863 saltem,
471 817 691 863 praeferebam-iesum
701 829 772 855 merum
787 819 850 855 homi-

90 882 132 906 nem
149 869 252 913 trahebant,
267 869 381 905 crassiorem
395 868 512 905 chiliasmuin
526 870 659 920 sectabantur,
674 873 693 907 et
707 869 807 907 immodica
821 871 850 907 ιι-

90 922 167 958 tuaiium
181 922 305 958 veneratione
320 920 437 956 tenebantur.

143 973 262 1022 ignoratis
251 972 280 1009 his
293 972 374 1020 aliisque
388 982 454 1009 corum
467 974 579 1019 sententiis,
598 978 630 1010 aut
644 984 682 1010 non
698 974 753 1034 piene
768 985 790 1011 ac
804 952 851 1022 per-

90 1027 156 1074 spicue
172 1026 254 1076 cognitis
272 1024 404 1072 inteiQpresN
419 1024 439 1062 Τ.
454 1025 521 1062 dubius
536 1025 632 1072 haerebit,
653 1027 804 1074 quotiescunque
818 1038 850 1064 er-

89 1089 144 1117 rores
159 1079 190 1116 isti
204 1079 337 1127 respiciuntur.
353 1077 427 1126 Optime
442 1082 474 1116 aut
475 1090 504 1116 em
516 1079 567 1117 haec
582 1080 644 1117 omnia
658 1091 669 1116 e
674 1080 758 1128 scriptis
774 1090 851 1141 cogne-

89 1135 178 1180 scuntur,
198 1142 246 1180 quae
265 1132 288 1169 ab
307 1131 409 1168 haereticis
427 1130 480 1169 his
475 1132 522 1181 ipsis
542 1132 626 1188 proiecta
644 1137 698 1179 sunt3
717 1133 753 1170 etsi
768 1135 816 1170 enim
832 1133 850 1170 in

89 1184 164 1223 Ριιιιιιιιι
183 1196 259 1233 quoque
279 1184 331 1222 libris
349 1185 445 1233 pleraque
453 1185 522 1222 'harum
541 1189 636 1223 sectarum
650 1186 718 1234 placita
733 1197 851 1223 commemo-

52 1235 58 1238 *
89 1242 161 1285 rantur,
175 1239 206 1276 illa
220 1242 283 1275 tamen
298 1248 357 1298 opera
371 1248 407 1274 ceu
411 1236 464 1278 fons
478 1239 542 1286 potior
555 1239 686 1292 praeferenda
695 1243 745 1285 sunt,
760 1242 797 1275 tum
808 1239 851 1286 quia

89 1302 146 1328 nemo
164 1302 202 1329 non
220 1291 251 1328 soi
268 1291 328 1339 ipsius
346 1291 427 1339 optimus
442 1295 471 1327 est
489 1291 592 1339 interpres,
612 1296 649 1328 tum
664 1292 715 1338 quia:
721 1291 787 1328 Patres
802 1302 851 1328 ιιοιι-

89 1354 184 1392 nunquam
198 1355 233 1392 pro
248 1344 394 1389 vehementiori,
413 1352 450 1389 quo
465 1344 484 1380 iu
498 1343 628 1381 heterodoxos
642 1332 775 1389 terebantur,
780 1345 851 1392 impetu

90 1408 156 1434 eorum
170 1396 274 1433 sententias
287 1396 340 1444 justo
354 1395 443 1432 acerbius
458 1395 566 1433 detineasse
580 1396 641 1434 videri
655 1400 740 1444 possent.
754 1395 850 1439 Quaenam

19 1464 27 1470 ·
89 1449 154 1494 harum
169 1452 264 1485 sectarum
275 1448 416 1501 haereticarum
434 1449 505 1497 scripta
521 1448 549 1485 ad
563 1459 601 1485 nos
620 1450 757 1498 pervenerin,t·
772 1448 851 1485 historia

88 1501 137 1538 eccl
151 1501 208 1538 docet
215 1500 239 1546 ¹)

432 1562 461 1610 §-
468 1559 505 1599 ιι.

358 1632 372 1663 2
385 1628 410 1658 De
421 1628 491 1659 fontibus
503 1628 578 1667 judaicu.

141 1707 193 1745 lluo
205 1705 320 1743 referendi
334 1708 399 1743 sunt.

35 1795 37 1797 .
143 1758 163 1796 i
177 1756 252 1797 Sacri
259 1757 287 1795 V.
301 1757 325 1794 F.
339 1757 406 1795 iibri.
420 1756 496 1794 Hosoe
510 1756 541 1795 ad
555 1755 672 1803 cogitandi
690 1739 850 1817 sentiendiqqe

87 1810 219 1856 rationem,
236 1809 277 1846 ad
284 1809 348 1847 facta
365 1809 461 1856 fataque
481 1808 624 1850 ¹iudaeorum
645 1806 832 1855 cognoscenda*
826 1819 850 1845 nr

86 1873 172 1913 genere
186 1861 330 1900 adhibendos
344 1872 404 1909 esse,
418 1871 485 1899 nemo
500 1859 591 1898 indicias
600 1859 652 1908 ibit,
666 1862 768 1898 attamen
778 1859 850 1910 priori

87 1918 195 1965 respectu
209 1925 290 1961 neque·
298 1915 474 1963 pentateucho,
481 1924 556 1975 neque
574 1887 670 1961 reliquis
689 1912 783 1962 scriptis
797 1923 850 1962 pro·

88 1968 176 2008 miscue
191 1967 224 2006 uti
238 1966 303 2015 licet·
321 1977 368 2005 non
379 1967 433 2014 iilo,
452 1966 508 2016 quia
521 1964 621 2004 historia
638 1966 697 2008 teste
711 1965 795 2003 sudaei
809 1976 850 2015 pel·
860 1983 865 1987 ·

87 2068 278 2078 ,.-.-.-.-..

113 2123 167 2165 1)Αά
179 2125 230 2155 tontes
242 2125 338 2157 christianos
355 2125 412 2156 reierri
426 2126 473 2156 ctiam
489 2123 549 2154 solent
558 2121 651 2163 apocrypha
666 2121 685 2152 N.
699 2121 721 2162 T.,
737 2123 747 2153 i.
758 2132 772 2153 e
779 2125 849 2164 scripta,

142 2176 185 2216 quae
196 2166 223 2197 vel
234 2167 295 2208 absque
307 2168 420 2208 suppositionis
433 2165 500 2198 consitio
515 2170 579 2199 exarata
593 2163 608 2195 A
619 2164 675 2196 ostoiis
686 2171 713 2196 aut
723 2166 760 2196 viris
771 2165 850 2207 apostoli-

141 2211 165 2240 cis
177 2209 197 2240 ab
209 2209 242 2239 aliis
253 2219 337 2251 perperam
353 2208 496 2246 adscribebantur;
511 2207 546 2238 vei
549 2217 585 2238 cum
600 2208 713 2248 suppositionis
725 2207 794 2239 consitio
806 2218 848 2239 cou-

141 2252 184 2282 ieeta
196 2252 249 2292 primis
260 2261 297 2282 mox
307 2252 376 2283 saeculis
387 2251 462 2282 librorum
474 2259 555 2280 sacrorum
566 2250 692 2300 praetendebant
703 2251 818 2289 auctoritatem,
828 2249 849 2280 ab

140 2294 212 2324 ecclesia
224 2295 302 2324 tamenin
314 2293 396 2325 Cononem
411 2303 443 2323 non
458 2298 496 2325 sunt
507 2298 578 2333 recepta.
588 2310 610 2316 -
620 2292 674 2324 Ast
661 2303 674 2323 si
685 2292 705 2324 de
717 2292 749 2323 fide
764 2294 849 2333 quaeritur,

141 2345 172 2377 qua
184 2336 271 2376 gaudeant,
283 2336 323 2366 haec
334 2346 366 2366 non
378 2340 432 2376 potest
442 2344 475 2365 nou
487 2345 523 2365 esse
538 2339 618 2375 suspecta,
627 2336 667 2375 quia
681 2341 725 2365 aetas
733 2328 850 2376 plerorumque

130 2379 172 2415 ‚buc
184 2388 236 2428 usque
247 2388 279 2408 non
291 2388 308 2407 es
310 2383 320 2407 ι
327 2378 435 2415 detemninata,
446 2376 488 2407 unde
499 2377 586 2427 periculum
598 2377 652 2414 oritur,
664 2385 684 2406 nc
695 2386 749 2407 eorum
761 2386 790 2408 usu
802 2377 850 2408 aetati

141 2421 226 2462 antiquiori
237 2421 334 2450 reccntiores
346 2420 433 2450 tribuantur
444 2420 537 2451 sententiae.
549 2429 578 2460 pra
590 2419 637 2460 cipue
646 2428 684 2449 vero
693 2419 757 2459 quodi
748 2419 819 2450 fictione
823 2420 849 2449 ni-

101 2496 103 2499 ,
140 2468 199 2494 turtur.
223 2461 255 2493 Cir.
272 2461 346 2502 Ntenlreri
361 2458 516 2501 Untersuchungeu
523 2462 563 2493 iiber
579 2461 605 2507 die
621 2462 729 2501 Apocryphen
750 2461 812 2494 dsN
826 2460 849 2500 T.,

141 2499 690 2543 bretschneiderttosronchdornramchedusegungdesb1
702 2505 719 2541 ς,
730 2503 755 2533 22,
768 2512 804 2542 pa
813 2503 850 2534 163

141 2557 195 2588 seqq:
208 2545 315 2577 Gieseierin·
326 2544 430 2576 Historisch-
437 2544 691 2581 critischerhersuhdberdie
704 2512 806 2585 Entstehpung
814 2544 849 2575 and

137 2580 222 2619 emeher
235 2587 331 2619 Schicksale
343 2588 372 2618 der
384 2586 667 2627 ιιιιιιι-ιιοΙιιιιΕιιιιιιιιιιιιςη
641 2587 667 2617 2.·
679 2586 749 2623 Schmid,
761 2586 855 2625 Ειειιιιοιιι,

142 2628 183 2669 Hug,
194 2629 252 2661 Scholz
263 2631 335 2671 aliique'
331 2640 346 2660 ιιι
361 2628 497 2660 introductione'
493 2638 509 2658 111
523 2628 542 2658 N.
553 2629 575 2667 T,
581 2630 676 2668 praecipue
691 2638 731 2659 vcro
742 2610 826 2658 Niovrrs'
821 2639 848 2658 nr:

79 2675 91 2684 “
142 2669 278 2711 iiircheoiexicon,
288 2671 429 2712 herausgegebeu
444 2680 475 2702 von
494 2670 557 2701 Wcuer
571 2669 603 2701 und
618 2670 676 2708 Webe,
690 2669 770 2710 Freiburg
784 2669 849 2701 18471.

143 2709 170 2740 Th
181 2720 217 2750 pag
228 2712 317 2743 325-355.
328 2714 358 2743 sub
370 2712 447 2743 articulo:
457 2712 572 2751 Αιιοοιιιιιιιιιι.
