1787 2921
307 200 311 208 ·
352 187 444 245 Caput
459 189 494 234 ll.

243 271 272 310 De
286 273 396 311 conditione
409 275 504 324 loquentis
518 278 598 321 interna.

311 419 314 424 .
385 388 405 437 q.
421 384 458 426 or.

252 453 293 493 Quid
305 454 331 485 cst
341 448 404 486 interna
414 454 495 495 loquentis
507 458 591 490 conditio?

60 560 63 565 f
92 543 139 583 Per
153 540 308 581 conditionem
322 541 438 590 loquentis
453 541 567 583 internam
580 547 658 585 onmia
671 547 801 597 intelligun-

40 598 89 644 tur,
104 606 164 644 quae
178 594 268 643 inipso
282 593 359 632 aninlo
374 594 489 642 loquentis
503 596 550 634 sita
563 597 621 636 adeo
635 599 659 636 in
673 600 801 639 orationem

41 648 94 697 ejus
108 647 218 694 influunt,
237 648 263 684 ut
280 656 308 684 ex
321 645 368 684 illis
382 646 482 695 pendeat
498 647 611 688 dictorum
624 650 696 698 ratio,
713 653 801 701 perfec·

40 702 74 740 tio
87 701 125 739 vel
138 699 248 746 tenuitas,
263 709 306 736 nec
319 708 366 736 non
380 698 471 736 dicendi
485 699 575 738 modus.
671 717 674 720 ⁴

93 753 123 790 Ex
136 752 172 790 hac
186 751 296 788 delinitione
307 752 347 799 Jnm
361 755 424 799 patet,
442 752 527 789 notitiam
546 764 568 790 ac
585 755 677 792 rationem
690 755 756 793 horum
769 757 802 793 in-

41 806 121 855 terpreti
139 804 269 843 necessariam
288 814 343 850 esse,
365 804 409 852 quia
429 814 487 841 secus
506 815 583 842 sensnm
604 817 699 855 nunquam
720 809 802 856 assequi,

41 870 136 906 uunquam
151 858 202 895 scire
215 859 292 904 posset,
311 856 356 904 quid
370 856 440 893 dixerit
453 856 546 904 loquens,
565 859 659 905 quomodo
674 860 803 910 intelligito—

40 911 104 956 luerit,
118 913 138 948 et
152 921 186 947 cur
199 909 243 954 troc,
258 918 321 956 neque
335 908 373 945 alio
388 908 444 945 modo
459 908 518 946 verita
532 909 606 947 lecerit.
645 910 647 912 ’

95 962 146 1001 lluc
159 972 215 999 vero
229 959 364 999 referimus:
383 960 511 999 consitium
524 961 652 1010 loquentis,
667 962 720 1001 dein
733 963 803 1002 aniuti

41 1013 95 1062 ejus
109 1012 286 1063 dispositionem
300 1014 323 1050 ct
337 1012 497 1051 characterem
505 1015 630 1068 moralem,
645 1015 743 1064 denique
757 1017 804 1054 cul-

40 1069 118 1106 turam
133 1065 312 1105 intellectualem
326 1066 349 1103 et
362 1065 481 1103 moralem.

310 1176 322 1209 l.
333 1177 358 1209 lte
370 1178 437 1209 consilio
450 1179 536 1220 loquentis,

385 1264 405 1314 s.
422 1261 459 1303 os.

73 1333 115 1372 outo
127 1339 143 1365 et
154 1331 241 1374 quotuplex
252 1335 277 1362 est
288 1330 372 1361 consilium
383 1330 468 1372 loquentis,
480 1337 497 1362 et
508 1341 537 1362 cur
546 1334 630 1374 interpreti
640 1334 772 1375 respiciendum?

96 1419 116 1458 l.
136 1418 262 1457 Consilium
276 1417 301 1456 in
314 1426 398 1466 genere
412 1417 496 1456 dicitur
509 1417 544 1465 id,
559 1419 620 1467 quod
635 1420 687 1468 quis
701 1421 803 1469 prudens

41 1472 133 1523 agendo
147 1469 243 1519 assequi
256 1470 312 1508 vult.
327 1469 352 1507 ld
366 1469 449 1518 ipsum,
464 1470 494 1507 ad
508 1471 569 1518 quod
581 1472 752 1521 assequendum
761 1473 803 1510 ali·

42 1525 98 1575 quid
113 1524 187 1570 adest,
201 1522 287 1561 dicitur
301 1520 373 1569 hujus
387 1521 519 1568 destinatio,
533 1534 626 1572 scopus,
641 1524 701 1562 linis.
781 1527 783 1530 ’

95 1575 222 1614 Consilium
240 1574 356 1622 loquentis
373 1574 443 1622 igitur
461 1576 497 1611 est
511 1574 546 1620 id,
565 1576 626 1623 quod
640 1577 737 1624 loquens
752 1588 803 1615 ora·

42 1629 104 1668 tiene
118 1626 270 1667 suacllicere
284 1626 408 1664 desiderat.
427 1626 458 1664 Sic
471 1637 489 1663 v.
504 1638 523 1676 g.
537 1628 637 1665 cortsilium
652 1627 720 1666 Christi
733 1629 753 1665 in
767 1640 803 1678 pa·
821 1658 825 1663 .

42 1682 108 1720 rabola
123 1681 147 1719 de
160 1680 199 1718 lilio
213 1680 295 1729 prodigo
310 1679 355 1717 Luc.
372 1678 402 1726 15,
418 1677 448 1716 ll.
462 1689 516 1728 seqq.
536 1683 566 1717 est
583 1680 696 1719 ostendendi
709 1681 803 1729 voluntas,

42 1737 164 1784 peecatorem
178 1733 230 1770 serio
244 1732 371 1780 poenitentem
386 1742 397 1768 a
411 1731 452 1769 Deo
467 1731 529 1768 denuo
544 1734 616 1780 suscipi
630 1737 649 1770 et
662 1735 734 1783 gratiae
748 1735 802 1771 donis

43 1787 116 1833 ornari3
135 1788 155 1824 in
173 1785 263 1834 parabola
280 1784 304 1821 de
323 1784 439 1835 Samaritano
457 1785 581 1822 misericorde
599 1784 643 1822 Luc.
660 1786 689 1833 10,
703 1785 734 1823 30.
749 1797 802 1834 seqq,

43 1840 127 1886 efficere,
141 1842 168 1884 ut,
182 1838 225 1885 quis
239 1837 264 1874 sit
277 1838 375 1885 proximus
390 1840 462 1882 noster,
477 1837 573 1875 auditores
587 1838 713 1884 edoceanlnr;
731 1838 754 1875 ad
768 1839 802 1876 has

42 1893 92 1930 enim
107 1890 211 1929 sententias
226 1889 359 1938 exprimendas
374 1890 436 1926 cornia
451 1893 471 1926 et
484 1890 560 1939 singula
575 1890 676 1928 collineant
690 1891 745 1927 diota.

96 1943 117 1982 2.
135 1943 161 1982 ln
179 1940 257 1980 bibliis
276 1941 349 1979 sacris
368 1940 490 1980 consiliunt
505 1951 625 1980 eonrmune
644 1943 762 1990 omnibus,
781 1945 804 1981 et

42 1996 160 2047 peculiare
174 1994 273 2043 singulis
287 1994 442 2043 scriptoribus
456 1993 547 2031 hiblicis
561 1994 671 2043 distingui
685 1997 768 2044 potest.

98 2053 120 2096 o)
134 2047 261 2086 Consilium
275 2057 396 2084 commune
413 2045 440 2084 V.
455 2046 480 2084 T.
494 2047 614 2085 auctorum
632 2048 678 2094 est,
687 2047 804 2098 'instituta

43 2101 139 2153 praevia
157 2104 186 2139 ac
204 2100 298 2138 decreta
319 2098 409 2146 divina,
430 2098 460 2136 ad
478 2099 622 2144 educandum
643 2100 803 2150 beandumque

42 2166 117 2205 genus
137 2154 264 2192 humanum
285 2148 435 2191 multifariam
458 2152 582 2200 multisque
604 2152 680 2192 modis
700 2155 803 2192 revelata

4 2247 10 2252 ἱ
43 2208 110 2254 (Heln.
130 2206 147 2253 1,
163 2206 200 2252 1.),
215 2215 338 2253 enarrare3
355 2204 381 2242 N.
400 2204 425 2242 Τ.
445 2204 584 2253 scriptorum
601 2216 669 2253 vero,
688 2206 802 2255 quomodo

42 2260 105 2300 lleus
122 2270 164 2310 per
177 2257 259 2297 Filium
273 2268 342 2296 suurn
358 2257 399 2295 illa
418 2260 527 2296 executus
545 2256 577 2295 sit
594 2258 698 2305 decreta,
717 2269 759 2307 pro
777 2269 803 2296 re

40 2314 136 2352 nata²et
149 2311 206 2350 data
218 2309 343 2357 occasione
357 2309 504 2359 adumbrare.
518 2331 543 2337 —
562 2310 615 2348 Licet
629 2322 675 2348 vero
690 2312 750 2359 quiris
765 2312 803 2348 tuni

42 2360 76 2413 Vs,
88 2370 133 2403 'tum
147 2364 169 2401 N.
184 2364 204 2401 Τ.
219 2368 318 2400 auctorum
332 2362 356 2399 ad
370 2374 489 2400 communem
507 2361 558 2400 illum
572 2373 650 2412 scopum
664 2363 804 2410 assequendum

42 2429 96 2457 suam
110 2417 289 2465 conteratpartem,
304 2415 374 2465 singuli
388 2419 451 2452 tamen
707 2416 709 2418 ’

44 2484 46 2488 ⁴
88 2466 123 2516 ’ω’
133 2468 273 2519 peculiarem
287 2478 379 2517 quoque
397 2469 570 2516 prosequuntur
588 2468 663 2505 linem.
684 2467 806 2508 Peculiare

36 2515 117 2561 'hocce
130 2532 164 2560 ss.
177 2520 318 2570 scriptorum
333 2510 455 2558 consitirim
470 2522 506 2558 est
518 2520 556 2557 vel
567 2520 682 2567 generale,
697 2522 759 2569 qnod
774 2522 808 2561 in-

42 2577 109 2624 tegro
123 2573 195 2620 libro,
213 2574 251 2611 vel
264 2572 378 2622 speciale,
393 2573 455 2621 quod
469 2571 543 2609 cuivis
557 2571 609 2609 libri
623 2571 684 2621 parti
698 2584 742 2612 seu
755 2576 807 2614 loeo

42 2626 203 2678 praepositum
217 2627 260 2664 e'st.
274 2625 400 2674 Utrumque
414 2625 489 2662 denno
503 2625 539 2661 est
552 2624 589 2661 vel
603 2623 756 2675 didacticum,
770 2630 807 2667 vel

44 2691 101 2730 pure
114 2677 263 2727 historicum,
276 2678 314 2717 vel
328 2674 617 2728 historico-dogmaticum,
625 2678 668 2717 vvel
681 2680 807 2729 posticum3
