1787 2921
772 111 801 148 dl)

37 202 182 252 manll'estat‚
197 214 263 251 quae
271 203 292 242 ei
303 204 430 248 convenire
444 202 526 252 possit
547 202 573 241 Si
588 213 642 242 vero
657 207 733 244 solum
747 218 801 256 pos-

37 257 126 298 sibilem
144 255 337 304 significationem
355 257 447 306 pandit,
465 267 535 294 usum
553 254 605 303 ejus
623 268 670 295 non
688 270 741 297 esse
754 259 802 298 nisi
861 286 867 288 -»

37 307 210 355 subsidiarium,
225 311 311 357 sponte
322 310 479 357 consequitur.
493 307 647 346 Nihilominus
661 311 739 348 tamen
753 314 801 349 stu-

37 362 99 401 dium
113 359 165 407 ejus
179 360 261 398 merito
276 362 450 399 commendatur
463 363 512 398 tum
526 359 577 397 ob
571 371 647 409 ipsum
657 362 718 399 hunc
731 374 801 401 usum

37 412 214 476 subsidiarium,
235 414 284 450 tum
303 415 325 450 et
343 413 467 462 praecipue
489 412 581 464 quidem
600 412 665 459 ideo,
687 416 773 461 quod
766 427 801 453 m·

37 466 125 515 signem
139 476 211 514 opem
229 465 274 502 fert
293 465 418 503 memoriae
437 465 460 503 in
479 462 605 503 retinendis
625 465 800 513 significationi·

37 520 88 579 bus,
103 528 163 565 quae
176 516 298 555 vocabulis
312 516 335 553 ii
349 527 407 555 usus
422 517 531 565 loquendi
544 517 695 563 conveniunt;
710 521 801 557 meritoria

38 572 85 609 enirn
104 580 141 617 ope
160 570 287 617 etymologiae
306 569 385 615 multos,
406 580 450 606 non
462 579 506 605 raro
525 569 583 617 longe
602 570 725 619 divergentes
744 572 800 608 unius

37 623 89 661 vocis
107 622 195 659 notiones
214 621 289 658 facilius
308 621 388 668 retinet,
410 621 452 657 dum
470 621 490 657 in
508 620 648 668 significatione
666 624 725 669 prima
744 624 799 671 quasi

38 676 108 713 firmum
122 673 180 711 habet
198 677 297 721 punctum,
316 674 347 710 cui
363 674 447 721 reliquas
466 672 556 710 notiones
574 672 634 710 velun
648 672 729 711 diversis
742 676 798 713 lineis

38 733 56 766 et
70 726 150 773 annulis,
165 737 212 774 quos
228 726 342 775 etymologia
357 726 471 774 suppeditat,
486 725 590 762 adnectere
604 726 661 762 valet.

88 779 166 827 Neque
180 778 289 826 analogia
304 780 391 816 certam
406 778 501 826 praebet
515 777 710 825 significationum
722 779 799 828 cogni·

37 832 133 879 tionem3
152 830 196 869 etsi
210 830 270 869 enim
289 829 366 877 maJ'or
379 840 489 868 numerus
504 829 632 868 for-inarum
646 842 675 869 ac
689 832 799 871 formula-

38 896 100 931 rum,
119 883 199 922 cadem
214 884 328 933 potestate
347 882 508 932 garrientium,
528 882 598 920 simili
612 883 701 922 formae
716 886 739 922 et
752 886 799 924 sor-

37 938 113 975 mulae
127 936 319 985 significatIoncm
333 936 433 973 similem
451 937 550 972 subesse
568 936 688 983 probabile
705 938 799 975 reddat:

37 989 150 1028 certitudo
164 990 242 1027 tamen
256 988 327 1026 deest.
342 990 373 1027 Sir
387 1001 404 1025 ι.
419 1001 438 1037 g.
453 999 533 1038 magnus
548 994 576 1024 est
591 1000 682 1026 numerus
697 991 799 1028 uerborum

37 1053 150 1093 graecorum
165 1041 244 1079 formam
258 1055 291 1088 μιιι
304 1040 365 1078 haben
368 1042 418 1088 linui,
433 1045 452 1078 et
466 1041 562 1079 notionem
578 1042 672 1089 ριειιιιιιιι
687 1043 799 1100 exprimen-

38 1097 91 1142 linm3
108 1094 229 1132 nihilominus
245 1098 307 1131 lamen
326 1094 394 1131 adsum
408 1094 486 1131 ιιιιιιι“
481 1105 499 1131 m
514 1107 546 1140 μαι
561 1095 670 1142 terminata,
688 1106 737 1144 (piae
751 1107 799 1145 pas-

36 1150 77 1186 sivo
91 1148 199 1198 significatu
213 1158 251 1184 non
266 1146 356 1197 gaudent.
377 1147 404 1183 Ita
424 1147 480 1184 ctiam
498 1147 543 1183 licet
537 1148 678 1195 tpraeposilio
693 1162 741 1184 zara
756 1161 798 1187 cum

37 1202 145 1239 accusativo
161 1204 270 1238 constructa
285 1211 344 1248 saepe
359 1199 437 1237 denotet
451 1199 521 1248 aliquid
536 1210 580 1236 esse
593 1200 624 1237 rel
639 1199 679 1237 fieri
691 1201 747 1249 y'uxta
761 1202 798 1239 ali-

37 1250 90 1303 quid:
109 1258 172 1291 tamen
186 1253 296 1302 expressio:
316 1249 479 1288 encraticarum
494 1255 531 1298 [sc
546 1250 800 1300 adccyyc'lao'r)aliamh·1bel

36 1306 203 1357 significationem,
218 1305 276 1342 denot
269 1309 296 1342 tat
309 1316 397 1353 nempe
392 1309 499 1352 auctorem,
514 1306 539 1343 ita
553 1309 573 1342 ut
587 1305 661 1343 simul'
656 1311 730 1353 innuat,
748 1308 799 1345 idem

36 1363 166 1410 argumentum
180 1370 191 1395 a
204 1358 290 1407 pluribus
303 1358 371 1395 litteris
386 1369 430 1395 esse
449 1361 556 1405 tractantur,
575 1369 610 1395 seu
629 1371 639 1396 a
655 1359 738 1407 pluribus
752 1361 798 1398 aliis

35 1412 138 1461 Evangelia
153 1412 325 1459 esseconscripta.
348 1410 437 1460 Quodsi
455 1421 511 1448 vero
526 1411 635 1460 arralogia
649 1422 696 1450 non
710 1415 798 1451 certam
851 1421 854 1424 '

35 1464 146 1514 praebere
153 1464 237 1512 potest
250 1462 443 1512 significationem
456 1474 540 1501 vocum
550 1467 572 1502 et
580 1464 741 1512 formularum,
748 1467 802 1510 ¹sed·

36 1517 128 1556 nonnisi
142 1515 296 1566 probabilem:
313 1526 372 1554 usus
391 1515 443 1563 ejus
457 1527 504 1554 non
518 1519 561 1565 est,
575 1517 620 1555 nisi
634 1517 798 1557 subsidiarius.

35 1572 141 1609 Attamen
158 1569 222 1617 baud
238 1579 307 1607 secus
326 1571 396 1617 atque
414 1569 553 1617 etymologia
571 1580 663 1619 semper
677 1572 712 1609 est
726 1571 798 1621 respi-

37 1623 130 1671 cienda,
153 1623 202 1660 sieut
219 1622 370 1670 enimqu'usvis
388 1621 433 1659 lacti
450 1623 521 1659 veritas
539 1623 596 1659 valde
614 1623 684 1660 firmari
703 1629 798 1670 censetur,

39 1677 55 1713 si
69 1677 93 1714 ad
106 1676 214 1713 testimonia
229 1675 284 1712 etiam
298 1675 384 1712 internae
398 1678 438 1711 tum
450 1674 591 1723 possibilitatis,
610 1680 647 1713 tum
662 1676 798 1725 probabilitatis

37 1733 92 1767 notae
107 1727 209 1766 accedunt:
226 1728 251 1765 ita
266 1728 321 1765 etiam
335 1726 458 1777 significatio,
467 1738 526 1777 «quae
540 1740 576 1776 per
588 1740 642 1765 usum
657 1729 747 1777 loquendi
761 1740 798 1766 co-

38 1781 145 1831 gnoscitur,
159 1780 244 1818 nonnihil
256 1780 332 1817 roboris
347 1784 365 1817 et
379 1779 478 1827 plurimum
492 1780 539 1817 lucis
554 1782 679 1829 nanciscitur,
698 1781 714 1818 si
728 1782 807 1828 analo--

38 1835 80 1883 giae
95 1837 114 1871 et
128 1834 256 1883 etymologiae
270 1833 469 1882 linguae'congruere
482 1833 599 1883 intelligitur.
613 1833 651 1871 lino
667 1836 683 1871 si
697 1835 742 1872 satis
755 1845 798 1871 ma-

37 1887 105 1925 nifesta
119 1891 149 1924 est
163 1886 287 1936 congruentia
301 1885 444 1935 significationis
462 1886 534 1934 primae
552 1897 593 1923 cum
609 1887 745 1925 elementorum
759 1898 798 1935 po-

38 1942 114 1986 testate,
127 1939 158 1977 ιιι
173 1938 316 1989 significationis
331 1938 456 1975 secundariae
470 1938 571 1976 similitudo
587 1950 628 1977 cum
644 1941 763 1990 primigenia,
779 1944 799 1976 et

37 1993 147 2041 praeprimis
166 1992 192 2028 si
200 1994 263 2029 certae
282 1991 354 2028 formae
371 1991 402 2028 vel
417 1991 509 2028 formulae
524 1992 636 2041 significatio
654 1992 737 2029 firmatur
750 2003 798 2040 pei-

37 2055 105 2095 magno
120 2045 207 2082 similium
221 2044 323 2081 formarum
336 2047 369 2080 aut
381 2038 509 2090 formularum,
524 2045 589 2082 eadem
601 2048 720 2093 potestate
710 2045 799 2083 canden-

38 2097 92 2145 linm,
107 2108 196 2144 numero,
213 2098 239 2134 ita
253 2101 273 2133 ut
286 2096 316 2133 vel
331 2106 413 2145 paucae,
432 2095 463 2132 icl
478 2108 556 2144 prorsus
570 2097 633 2134 nullae
648 2097 710 2135 adsint
724 2108 798 2146 excep·
843 2137 846 2139 ,

38 2149 109 2188 tiones:
128 2153 196 2187 tantam
211 2149 305 2198 ey'usmodi
322 2148 443 2199 significatio>
454 2160 478 2185 ex
497 2149 612 2198 etymologia
627 2154 646 2187 ct
659 2151 747 2199 analogia
761 2161 798 2187 co-

38 2202 88 2250 gnita
102 2202 251 2251 probabilitatem
266 2203 366 2250 acquirere
383 2204 456 2250 potest,
475 2206 495 2238 ut
509 2213 519 2238 a
534 2203 646 2239 certitudine
664 2214 728 2251 parurn
743 2203 798 2249 absit,

38 2257 94 2302 utque
108 2255 258 2292 testimoniorum
273 2254 367 2292 delectum
382 2258 497 2303 compenset.

90 2306 250 2345 Gor-ollarium.
275 2308 351 2356 Quum
371 2317 430 2345 usus
450 2306 559 2355 loquendi
580 2309 667 2345 certam
687 2308 799 2356 praebeat

39 2357 232 2407 significationum
247 2358 412 2407 cognitionem,
432 2359 524 2397 dialecti
538 2361 651 2407 cognatae
665 2369 736 2406 vero,
751 2362 798 2406 ety·
850 2371 852 2375 ³

39 2411 144 2461 mologia
156 2413 179 2449 ct
191 2411 306 2460 ‘arralogia
324 2411 418 2450 nonnisi
436 2412 571 2460 possibilem
588 2413 626 2450 vel
643 2412 797 2461 probabilem:

27 2465 112 2511 patet,
129 2475 194 2510 eum,
212 2463 251 2513 qui
267 2465 360 2513 praeter
375 2464 412 2501 vel
430 2464 498 2512 plane
513 2466 594 2502 contra
607 2476 676 2503 usum
689 2463 799 2511 loquendi

40 2513 150 2555 dialectos
169 2518 294 2564 cognatas,
315 2515 478 2564 etymologiam
496 2518 537 2555 aut
555 2516 686 2565 analogiam
704 2515 798 2577 linguae

40 2568 150 2616 sequitur,
164 2569 288 2607 manifeste
301 2579 399 2628 peccare
413 2570 496 2607 contra
508 2570 571 2618 leges
581 2569 681 2616 logicae3
695 2568 738 2606 talis
749 2569 799 2606 enim

40 2620 89 2664 quod
103 2621 164 2658 solum
179 2621 286 2668 probabile,
304 2622 342 2658 imo
362 2621 413 2668 quod
426 2624 495 2657 tantum
514 2621 604 2668 possibile
619 2623 658 2665 est,
677 2621 761 2668 praefert
774 2621 798 2667 ei,

40 2672 89 2716 qnod
104 2677 134 2709 est
147 2676 225 2714 certum.
245 2673 376 2720 interpretatio
395 2674 458 2721 itaque
476 2676 544 2712 contra
558 2672 589 2708 vcl
607 2676 661 2719 praet
660 2684 684 2709 er
696 2684 751 2711 usum
765 2675 797 2710 lo-

40 2723 109 2767 quenti
123 2727 212 2773 'suscepta
226 2735 320 2772 nunqnam
340 2726 410 2762 admitti
427 2727 500 2774 potest,
517 2724 624 2772 ubicunque
643 2736 690 2762 usus
708 2725 799 2773 loquendi

638 2788 651 2824 4
