1787 2921
763 92 791 131 25

30 189 182 236 turamJaliter
195 189 385 239 interpretentur,
404 200 475 238 quam
494 190 609 238 quomodo
627 190 740 228 ccclesiae
758 190 793 227 lu·

29 242 127 283 minaria
141 243 164 278 et
177 241 284 280 doctores
298 243 348 281 siris
361 242 454 290 scriptis
465 253 516 280 eam
527 244 709 289 exposuerunt“;
723 243 757 289 ββ]
768 242 793 279 in

31 293 127 333 concilio
141 292 292 331 Lateranensi
305 294 332 330 V.
347 305 397 330 anno
413 293 471 340 1512,
487 304 501 330 a
516 303 561 340 quo
576 292 667 329 actione
682 293 717 329 il.
727 304 793 340 prae-

31 344 123 395 cipitur:
143 343 186 390 „Ut
204 354 223 381 s.
238 343 382 394 Scripturam
397 343 466 392 juxta
484 343 696 394 interpretationem
715 344 794 381 docto-

30 408 93 444 rum,
108 407 166 445 quos
181 396 280 435 eeclesia
293 398 330 436 vel
344 409 401 436 usus
416 397 538 437 diuturnus
553 396 703 447 approbavit,
712 397 794 446 ,expla-

30 448 136 502 11c11t“¹);
150 449 174 489 id
188 449 263 501 ipsum
277 454 307 501 77)
322 450 437 491 imlicatur
450 451 536 501 verbis,
550 454 631 491 nostro
646 451 738 494 decreto
754 451 793 490 ad·

28 504 109 555 jectis:
130 504 191 554 „Qui
209 505 404 553 contravenerint,
423 517 464 554 per
482 506 619 545 Ordinarios
639 506 793 552 declarentur,

32 562 54 598 et
66 557 147 608 poenis
161 557 250 606 ajuro
263 558 364 596 statuta
378 558 548 608 puniantur-⁶⁶2).

83 610 104 647 2.
118 609 201 647 Patres
216 609 318 656 Goncitii,
333 610 425 648 (lumin
438 611 509 648 rebus
526 610 580 648 fidei
593 612 615 648 ct
629 621 719 648 morum
734 610 794 648 chri-

31 663 159 701 stianorum
174 672 268 699 sensum
283 662 396 699 eeclesiae
410 663 432 699 ct
445 661 577 699 unanimem
591 662 687 699 Patrum
698 673 794 699 consen-

31 724 82 750 sum
101 712 220 760 interpreti
239 712 353 749 catholieo
371 711 540 759 respiciendum
559 723 611 749 esse
630 712 701 749 elaris
720 712 793 749 edixe-

31 764 84 803 runt
98 763 188 810 verbis,
206 764 296 802 tantum
310 763 389 811 abest,
407 764 433 802 ut
449 763 542 803 sobrias
550 762 745 815 ¹hermeneutieae
759 774 794 802 rc-

31 816 98 867 gulas
113 815 256 866 superfluas,
275 818 316 856 aut
333 816 484 856 scientifieam
501 827 520 856 s.
535 815 670 867 Scripturac
683 815 794 866 interpre-

30 870 141 910 tationem
154 869 305 919 rejiciendam
319 871 475 921 declararent3
491 873 518 910 ut
531 871 608 922 potius
622 882 675 919 eas,
690 870 734 910 etsi
748 882 795 910 non
818 887 823 896 ·

31 924 133 974 supremi
148 923 236 972 judicis
254 925 329 964 instar
348 925 440 964 omnino
462 925 606 964 adhibendas
627 927 795 975 supponerent3

32 989 73 1015 nam
93 981 115 1023 a)
130 979 229 1015 concilium
249 978 332 1027 loquitur
351 979 375 1015 de
395 980 552 1026 interpretatione
566 990 583 1015 s.
597 978 707 1026 Scripturae
721 978 795 1015 doctri-

32 1029 76 1074 nali,
91 1041 140 1079 quae
155 1030 226 1077 absque
241 1027 395 1067 bermeneudeae
408 1028 480 1078 regulis
495 1030 583 1067 adhibitis
597 1030 660 1066 laeum
675 1029 746 1066 habere
760 1040 796 1065 ne-

31 1081 81 1127 quit3
100 1082 122 1125 b]
136 1082 219 1117 ecelesia
234 1092 327 1128 nunquam
342 1092 381 1118 non
395 1081 543 1127 commendavit,
557 1082 595 1117 imo
610 1085 629 1117 et
644 1082 738 1127 promovit
751 1091 796 1116 mo-

33 1132 106 1167 destum
120 1142 147 1167 ss.
161 1132 266 1168 litterarum
280 1131 372 1176 studium,
392 1136 410 1168 et
424 1131 468 1168 ideo
484 1133 550 1168 merita
564 1132 639 1168 illorum
657 1133 716 1179 probe
731 1141 795 1179 agno-

32 1184 59 1220 vit
72 1182 204 1232 laudavitque,
219 1184 250 1233 qui
264 1184 371 1233 plurimum,
386 1184 413 1221 uti
427 1195 442 1221 s.
456 1183 593 1234 Hieronymus,
613 1184 633 1220 in
647 1183 710 1221 studio
724 1183 795 1221 biblico

32 1236 151 1275 insudarunt.

25 1309 28 1313 r
86 1291 196 1329 Novimus
210 1291 417 1344 itaquedupliecm
430 1292 518 1331 fontem
533 1291 614 1342 (duplex
628 1293 740 1341 principium
755 1303 797 1341 ma-

33 1344 109 1389 teriale]
124 1345 257 1392 regularum
271 1346 455 1383 liermcnentieae
467 1345 604 1393 catholicae,
617 1345 726 1383 nimirum
736 1356 797 1382 com·

34 1406 102 1433 mune
120 1395 286 1443 interpretandi
304 1396 441 1445 principium
459 1399 483 1439 'et
501 1408 596 1434 sensum
615 1397 739 1443 ecelesiae;
760 1397 798 1433 ast

33 1457 92 1494 opus
107 1458 197 1494 quoqne
212 1448 324 1498 habemus
338 1458 384 1493 uno
399 1459 471 1495 eoque
485 1448 578 1485 formali
592 1448 712 1496 principio,
727 1459 742 1484 a
751 1457 797 1494 quo

34 1497 154 1544 utriusque
169 1498 230 1535 illius
245 1498 372 1535 materialis
387 1501 464 1535 rectus
479 1499 591 1546 dependet
604 1509 662 1536 usus
672 1501 798 1549 mutuaque

34 1547 123 1595 relatio,
139 1548 207 1597 quod,
222 1549 243 1587 si
258 1560 378 1588 commune
392 1549 558 1599 interpretandi
572 1550 709 1599 principium
720 1549 750 1588 ad
756 1560 798 1598 *pe-

35 1600 145 1640 euliarem
164 1613 183 1641 s.
201 1601 336 1653 scripturae
354 1602 455 1653 indolem
470 1602 539 1653 juxta
557 1602 653 1643 concilii
671 1600 799 1650 Tridentini

35 1656 152 1695 decretum
167 1657 302 1706 applicetur,
317 1659 353 1696 est
367 1668 479 1707 sequens:

130 1709 228 1748 Sacram
247 1710 392 1760 Scripturam
409 1722 453 1759 ope
471 1712 605 1760 regularum
623 1710 752 1749 communis
766 1710 799 1748 in-

162 1764 304 1811 terpretandi
322 1763 428 1811 principii
443 1762 513 1809 juxta
530 1774 626 1801 sensum
643 1767 746 1813 (mentem)
763 1774 799 1801 ee-

163 1815 248 1852 clesiae
262 1815 514 1852 noniano-catholicae
528 1815 688 1863 interpretare.

88 1864 125 1902 NR.
139 1865 280 1912 Interpretatio,
295 1877 343 1913 quae
358 1877 402 1901 mox
415 1867 532 1914 propositam
542 1877 649 1914 supremam
659 1867 800 1912 sequiturnor-

37 1924 90 1963 mam,
106 1919 154 1966 quae
168 1918 248 1966 proinde
263 1916 365 1954 conformis
380 1921 410 1953 est
425 1920 447 1963 e)
456 1917 555 1966 principiis
566 1917 664 1955 catholicis
675 1917 698 1954 de
708 1928 723 1954 s.
733 1917 800 1965 Scrip-

38 1970 85 2015 tura,
101 1971 122 2017 b)
137 1970 238 2008 continuae
254 1970 348 2008 eeclesiae
363 1971 424 2018 praxi,
438 1981 474 2021 neo
488 1980 527 2007 non
542 1972 563 2016 c)
578 1971 655 2009 decreto
666 1969 745 2007 Consilii
755 1969 800 2007 Tri-

39 2020 118 2073 dentini,
134 2023 203 2062 dicitur
217 2023 343 2073 catholiea3
357 2034 420 2063 mere
433 2024 556 2063 rationalis
570 2035 625 2063 vero
639 2028 730 2071 vocatur,
746 2025 800 2073 euius

37 2086 75 2164 nolu
89 2082 159 2116 tantum
173 2078 217 2116 sons
231 2079 348 2128 singularum
363 2079 481 2128 regularum,
501 2078 536 2115 sed
554 2082 574 2115 et
589 2077 651 2127 jndex
668 2089 757 2126 suprema
771 2081 802 2115 est

38 2138 78 2165 soa
92 2132 141 2168 ratio
155 2131 242 2168 humana.
306 2142 310 2147 ¹
390 2133 393 2137 '
846 2129 847 2132 ’

383 2213 402 2260 §.
417 2211 454 2251 15.

38 2275 63 2306 vt.
77 2278 102 2308 De
113 2278 181 2318 inllnxn',
197 2288 244 2319 quem
256 2279 313 2309 exserit
325 2278 394 2309 ecclesia
407 2278 485 2309 catholica
499 2279 514 2308 in
525 2279 674 2317 interpretationem
686 2288 699 2308 S.
710 2278 801 2318 scripturae

228 2319 338 2364 doctrinalem.
350 2320 424 2351 Capones
436 2321 499 2360 positivi
509 2325 525 2350 et
535 2321 611 2360 negatiii.

92 2411 118 2456 A)
132 2410 237 2449 Ecclesia
256 2408 370 2448 catholica
389 2410 412 2448 in
431 2409 643 2459 interpretationem
663 2421 681 2448 s.
699 2408 802 2458 Scriptu-

39 2463 248 2561 aeepsslsptcitvrgnalem
267 2463 353 2512 duplici
371 2464 439 2501 modo
462 2463 546 2511 influit,
568 2464 674 2502 nimirum
696 2462 802 2510 negative

39 2590 229 2602 Ἣ-

63 2628 79 2666 1]
92 2630 165 2669 Spnodus
177 2632 253 2662 'selmana
266 2633 327 2662 decima
340 2633 393 2672 quinta
406 2635 434 2662 ait:
453 2632 542 2671 „Quidquid
555 2632 625 2660 ert-ditm·
637 2636 692 2661 contra
710 2643 731 2662 ss.
743 2632 803 2670 Patres,

68 2684 73 2688 ·
93 2672 185 2713 Intelligitnr
196 2674 271 2703 aberrare
283 2684 291 2704 a
303 2679 347 2704 recta
359 2674 414 2713 regula
427 2673 480 2703 tidci.u

62 2710 80 2751 2)
93 2712 123 2745 Cir.
136 2715 212 2747 directum
224 2715 281 2746 Leonis
293 2715 311 2746 Χ.
323 2716 338 2746 iu
351 2715 423 2747 Concide
434 2714 536 2746 Lateranensi
546 2712 565 2745 V.
577 2714 650 2747 sessione
661 2714 680 2747 X.
