1787 2921
768 105 796 143 81

85 200 107 241 3.
125 200 172 252 lpsi
185 199 211 239 Ν.
225 200 251 240 T.
265 201 391 254 scriptores
406 200 480 250 sacri,
499 210 598 251 quorum
616 199 714 251 diligens
728 199 797 240 lectio

34 255 176 299 tutissimum
189 256 285 307 praebet
298 256 428 297 subsidium
439 256 469 295 ad
478 255 522 295 rite
532 255 719 304 cognoscendum
728 266 798 295 usrun

35 311 150 350 certarum
164 320 258 356 vocum,
277 310 405 347 formarum
420 322 448 347 ac
464 310 630 353 formularum,
649 319 709 355 quae
724 308 798 346 cuivis

36 361 165 412 peculiares
179 362 241 406 sunt,
255 360 289 397 ita
302 363 328 398 ut
340 372 362 397 v.
377 372 398 408 g.
413 372 473 408 quae
487 360 534 398 sint
548 371 568 397 s.
582 359 675 404 Joanni,
690 370 709 395 s.
723 360 798 396 Paulo

36 413 76 451 aui
89 422 108 447 s.
122 411 211 448 Jacobo
226 412 269 447 etc.
283 411 384 459 propria,
400 422 426 447 ex
440 411 469 448 iis
483 411 541 459 ipsis
556 409 641 458 optimc
656 419 799 456 cognoscun-

36 466 81 503 tur.
94 461 221 501 Praeterca
235 472 262 499 ex
275 460 358 500 iisdem
372 462 442 501 simul
456 462 539 501 sumtis
553 472 612 500 usus
627 460 737 511 loquendi
750 462 800 499 tum

38 527 147 569 graecus,
165 517 214 555 ium
228 515 400 564 hellenisticus5
416 518 465 555 tum
484 515 626 556 christianus
645 515 730 566 optime
749 514 801 554 illu-

38 572 137 616 stratur,
152 570 207 617 quia
221 580 267 607 nou
281 571 370 607 tantum
385 570 462 616 quoad
475 570 575 617 patriam
590 572 613 606 et
627 571 739 616 aetatem,
759 567 802 606 sed

38 622 108 660 etiam
126 621 203 668 quoad
221 620 356 667 religionem
375 631 444 667 pares
463 623 529 665 sunt,
550 622 573 657 ct
591 620 646 666 quia
664 621 727 657 haud
745 630 801 657 raro

39 682 98 720 quae
112 672 171 709 alter
185 671 284 708 obscure
294 673 317 708 et
326 670 433 718 ambigue
445 670 507 716 uicit,
522 671 583 708 alter
591 670 721 718 perspicue‚
735 680 802 719 prae·

39 723 87 762 cise
100 734 129 761 ac
143 721 235 761 delinito
248 721 356 772 proponit
363 720 387 772 ¹).
696 719 701 726 '

383 862 404 909 §-
419 838 457 898 49.

299 925 386 957 Conclusio
401 926 448 966 hujus
459 927 542 957 sectionis.

92 1011 122 1051 Ex
135 1012 166 1060 iis,
181 1023 229 1063 quae
245 1012 268 1051 de
282 1012 360 1064 linguae
374 1023 389 1052 s.
404 1011 513 1063 Scripturas
528 1012 592 1052 indole
603 1024 626 1052 ac
639 1011 724 1064 partibus
740 1011 805 1050 disse-

41 1067 124 1115 ruimus,
140 1068 236 1116 sequitur,
256 1079 308 1113 eum,
327 1068 360 1116 qui
374 1079 439 1105 sacras
457 1066 530 1105 litteras
544 1068 619 1116 plenius
638 1067 746 1117 intelligere
765 1066 806 1103 vult

42 1119 102 1163 (velle
113 1124 174 1156 autem
182 1131 248 1156 omnes
257 1120 323 1156 saltem
331 1120 417 1167 theologi
427 1119 513 1165 debent),
522 1131 561 1156 nou
568 1124 639 1156 tantum
647 1120 732 1156 uberiori
739 1119 806 1154 notitia

41 1171 118 1218 liuguae
132 1181 216 1218 graecae
230 1174 250 1206 et
263 1171 333 1206 latinae
347 1171 459 1206 instructum
474 1180 518 1206 esse
533 1170 615 1216 dehere,
635 1171 670 1207 sed
690 1173 709 1205 et
726 1169 807 1206 hebrai-

42 1231 87 1266 cae,
106 1221 212 1258 aramaicae
231 1232 254 1257 ac
272 1221 393 1268 rabbinicae‚
413 1225 432 1258 et
449 1220 472 1257 ad
487 1220 521 1257 has
536 1221 629 1258 dialectos
647 1221 755 1257 accuratius
770 1231 806 1256 co-

42 1273 163 1324 gnoscendas
178 1274 234 1311 etiam
248 1273 342 1312 arabicae.
362 1272 402 1312 Ad'
412 1272 551 1323 assequendam
568 1272 635 1312 harum
648 1273 756 1326 linguarum
771 1283 806 1311 co-

43 1327 147 1377 gnitionem
162 1327 290 1365 commendari
304 1332 401 1365 merentur
414 1331 505 1376 respectu
518 1328 595 1378 linguae

97 1379 117 1415 1.
135 1390 233 1426 graecae
252 1381 274 1425 a)
287 1380 307 1416 iu
325 1391 409 1428 genere:
428 1379 564 1416 Ausfiihrliche
582 1380 703 1428 griechische
722 1380 808 1427 Sprach-

43 1429 97 1465 lehre
111 1440 149 1465 von
163 1430 234 1477 Philipp
249 1430 292 1465 llarl
306 1430 413 1475 Buttmann,
428 1430 446 1467 2.
460 1429 509 1465 huit.
523 1430 587 1467 Berlin
602 1429 664 1475 18393
683 1430 769 1468 dieselbe
783 1431 809 1466 im

44 1479 143 1528 Auszuge,
159 1480 189 1517 16.
204 1480 253 1517 Aull.
267 1480 331 1517 Berlin
346 1480 407 1526 1841;
422 1480 546 1518 Griechische
560 1481 687 1529 Sprachlehre
701 1493 740 1519 von
753 1481 774 1518 L.
783 1481 808 1518 111.

44 1531 185 1581 Eiseuschmid‚
199 1532 256 1571 Wieu
272 1532 332 1580 1825;
348 1532 482 1571 Ausfiihrliche
497 1532 611 1572 Grammatik
626 1534 660 1578 der
674 1533 809 1585 griechischen

46 1585 130 1635 Sprache
148 1598 186 1624 von
204 1587 237 1625 Dr.
256 1587 339 1635 liaplrael
357 1587 443 1632 lliihuer;
465 1587 568 1625 desselben
586 1588 757 1638 Schulgrammatik
775 1588 810 1626 der

46 1639 117 1686 griech.
127 1639 217 1687 Sprache,
232 1640 250 1676 2.
259 1639 308 1675 Aufl.
322 1641 424 1676 Haunover
435 1639 497 1683 18433
512 1640 739 1677 Griechisch-deul-sches
750 1641 811 1676 Wdr-

46 1688 126 1725 terbuch
140 1700 178 1726 von
191 1689 288 1726 Friedrich
301 1690 390 1726 Wilhelm
403 1690 490 1735 Richter,
504 1690 517 1726 2
531 1691 607 1735 sande,
626 1692 688 1727 vierte
702 1692 810 1728 vermehrtc

47 1739 84 1776 und
98 1740 220 1777 verbesserte
233 1739 323 1789 Auflage,
337 1740 384 1777 Jena
400 1739 457 1778 1823.
472 1740 530 1778 1825.
545 1742 564 1777 iu
579 1741 614 1779 81⁰.

100 1792 122 1839 h)
136 1791 158 1830 ll.
173 1791 193 1830 T.
207 1792 227 1830 in
241 1793 317 1843 specie:
333 1792 447 1832 Grammatilr
461 1792 495 1831 des
509 1793 713 1833 neutestamentlichen
727 1793 811 1845 Sprach-

48 1845 116 1884 idioms
131 1858 168 1885 von
181 1846 213 1884 Dr.
228 1845 294 1897 Georg
307 1846 399 1885 Benedikt
407 1847 480 1885 Wiuer.
493 1847 562 1886 Fiinlte
575 1849 699 1886 verbcsserte
713 1849 753 1886 und
764 1861 812 1886 ver-

48 1898 121 1935 mehrte
135 1900 228 1948 Auliage,
246 1899 326 1948 Leipzig
342 1899 399 1936 1844.
413 1921 438 1926 -
456 1899 530 1936 Novum
544 1901 621 1937 lexicon
639 1902 812 1948 graeco-latinum

48 1949 67 1984 in
80 1948 103 1984 N.
118 1950 138 1985 T.
153 1950 223 1986 editum
237 1961 247 1985 a
261 1950 323 1986 Fried.
338 1950 470 1996 Schleussuer‚
484 1950 500 1986 Il
514 1952 576 1996 toruis
591 1952 611 1986 in
624 1952 659 1988 St‘t
672 1951 735 1987 Editio
746 1955 813 1998 quarta

50 1999 167 2038 emendatior
181 2005 200 2038 et
214 2001 293 2037 auctior.
307 2001 358 2049 Lips.
374 2001 432 2039 1819.
451 2001 513 2038 Clavis
527 2001 549 2038 N.
565 2001 585 2038 T.
599 2001 722 2051 philologia,
737 2002 787 2039 edita
802 2013 814 2039 a

50 2050 117 2089 Christ.
130 2053 238 2092 Abrahamo
256 2052 322 2102 nsaht,
341 2053 391 2103 Lips.
407 2052 458 2093 1822
472 2058 492 2091 et
507 2054 563 2093 1829.
578 2076 603 2082 -
621 2053 707 2093 Lexicon
725 2055 813 2094 manuale

51 2108 221 2197 gpapcofillatinupp
237 2108 266 2195 ip·
275 2108 409 2198 librosiglpo'l.
424 2111 504 2195 auectpre
521 2108 640 2197 Giir'rGoiii
654 2108 813 2198 {Bretschneipien

28 2170 108 2196 -etlo
147 2172 185 2197 .m
218 2166 321 2202 ⁰,1s1ae
390 2182 433 2196 .-
476 2171 515 2196 avis
548 2188 552 2194 .
582 2189 587 2197 .
628 2172 674 2198 roo
690 2172 813 2199 rcaaucore

49 2208 119 2247 Christ.
134 2211 190 2248 Gottl.
204 2171 302 2255 Willre12
316 2213 367 2256 tomi,
381 2213 400 2247 in
415 2212 450 2256 BT,
463 2210 549 2247 Dresdae
564 2215 583 2247 et
596 2172 745 2257 liipsiaeglffll.

105 2261 126 2299 2.
140 2260 274 2299 hebraicae:
293 2261 410 2299 Hebraische
424 2261 538 2299 Grammatik
554 2273 593 2299 von
609 2262 698 2300 Wilhelm
713 2262 814 2309 desertus,

105 2419 158 2449 ribus:
169 2419 188 2449 Ν.
199 2419 216 2451 Τ.
228 2428 259 2449 uun
271 2429 307 2450 cum
318 2420 384 2450 scholiis
396 2421 459 2460 graccis
471 2430 481 2450 e
492 2422 554 2460 graecis
570 2420 674 2460 scriptoribus
689 2425 720 2449 tam
735 2419 816 2450 ecclesia-

106 2461 156 2498 sticis,
168 2470 214 2499 quam
226 2461 284 2490 exteris
296 2462 363 2491 maxima
374 2466 450 2499 exparte
462 2461 544 2498 desumds,
557 2471 606 2500 opera
619 2467 635 2491 et
645 2460 697 2490 studio
708 2460 767 2490 Joann.
775 2460 825 2490 hire--v

106 2502 153 2539 gorii,
165 2500 221 2530 Oxouii
233 2500 274 2530 1703
286 2500 323 2538 fot..
335 2506 359 2531 et:
370 2501 389 2531 ll.
400 2500 418 2530 T.
428 2500 458 2531 ΧΠ
468 2503 515 2531 tomis
528 2502 617 2531 distinctum
628 2509 703 2539 graecum
718 2505 735 2529 et
744 2500 817 2531 latinum.

107 2540 173 2571 Textum
185 2541 238 2571 denuo
250 2543 340 2580 recensuit,
356 2543 408 2573 varias
419 2541 499 2572 lectiones
510 2552 591 2583 nunquam
602 2546 649 2571 antea
659 2540 733 2580 vulgatas
746 2542 817 2583 collegit,

108 2582 170 2614 scholia
181 2592 239 2625 graeca
251 2584 333 2616 niaximam
345 2590 405 2626 partem
416 2584 476 2615 inedita
490 2583 550 2616 addidit
564 2589 580 2615 et
594 2583 643 2614 edidit
654 2581 712 2614 Christ.
723 2583 766 2616 Frid.
777 2585 818 2616 llat-

107 2626 152 2657 thaei
162 2626 212 2668 Rigae
223 2626 270 2659 1788.

76 2665 95 2706 1)
106 2668 152 2699 Hunc
163 2669 237 2699 invenem
249 2670 320 2701 adhiberi
332 2669 508 2711 potestCoucordantin
517 2668 574 2709 grisea
586 2669 606 2698 ab
618 2669 685 2700 Erasmo
697 2669 768 2701 Schmidt
776 2671 819 2701 edita

108 2710 204 2750 Vitebergae
215 2710 261 2741 1638.
758 2726 760 2728 >

659 2762 671 2797 6
