1765 2921
222 204 282 237 lit-lle
294 208 424 248 interpretatione
436 220 449 239 ι.
461 209 553 250 Scriptum
564 209 620 247 morali
630 209 648 250 Ι),

251 362 292 400 Quid
304 364 324 394 sit
335 373 391 394 seusus
403 370 420 395 et
430 363 538 418 interpretatio
550 365 619 396 moralis.
720 355 730 369 x

106 439 143 486 Per
157 450 234 477 sensum
247 440 339 478 moralem
354 441 450 480 nonnullis
464 441 510 480 nihil
525 441 575 480 aliud
588 433 728 493 intelligitur,
720 441 758 483 nisi
770 436 822 479 usus'

53 493 132 541 practici
147 504 201 530 exs.
216 493 313 541 Scriptura
327 494 454 541 resultantes,
474 495 499 532 ita
519 499 540 532 ut
557 496 689 548 interpretatio
707 493 817 532 moraliss.

54 545 177 593 Scripturae
181 546 206 582 sit
226 545 312 594 ejusdem
330 546 407 591 litterali
426 558 485 585 sensu
500 552 591 596 acceptae
606 545 706 596 applicatio
722 547 746 584 ad
761 556 818 583 casus

1 639 3 642 .
55 600 74 633 et
88 597 203 647 indigentias
218 598 310 635 lectorum
324 598 355 635 vel
372 599 479 637 auditorum
494 600 647 648 peculiares—
663 600 709 637 Cum
723 601 823 649 interpre

53 651 126 693 tatione
141 650 208 687 morali
222 649 260 686 lroc
273 660 333 688 sensu
347 655 432 699 spectata
446 651 600 690 hermencuticae
619 652 665 689 nihil
684 651 757 711 negotii
774 661 818 687 esse

52 705 127 753 potest,
145 701 189 738 dum
202 701 234 753 illa
248 712 327 739 sonsum
341 702 442 740 litteralem
456 699 546 750 admittit,
564 705 602 741 imo
616 704 728 741 necessario
744 706 818 751 suppo-

54 754 88 799 nit,
102 754 123 790 et
136 752 191 799 haec,
206 750 230 790 ric
244 754 264 790 in
278 754 358 791 alienam
373 755 429 792 abeat
442 756 565 803 provinciam,
580 761 689 804 praecepta,
700 756 755 804 juxta
770 765 819 802 quac

53 804 190 842 conformanda
205 806 236 851 sit,
251 805 371 843 hcmileticac
385 807 475 843 tradenda
491 806 587 854 relinquit

106 856 155 894 Aliis
169 867 216 893 vero
231 833 391 905 interpretatio
409 858 506 896 moralis
526 860 562 896 cst
580 858 621 896 illa
639 869 659 896 s.
673 858 819 907 scripturam

54 907 171 946 tractandi
185 907 258 955 ratio,
277 919 323 957 qua
341 907 414 947 effata
432 908 484 958 ejus
503 920 575 948 seusu
593 909 689 956 litterali
702 909 820 948 intellecta

54 961 84 999 ad
103 960 218 1010 principia
236 960 340 1010 practica
358 961 457 1000 rationis
476 973 549 1011 purae
569 964 710 1000 revocantur
728 964 751 1000 et
769 972 822 1015 pcr-

54 1013 175 1060 ficiuntur,
192 1013 324 1065 ubicunque
338 1024 423 1052 seusus
438 1014 546 1053 litteralis
560 1014 625 1053 liisoe
639 1014 759 1064 principiis
773 1024 824 1056 nou.

6 1115 8 1118 v
55 1065 115 1114 satis
136 1062 308 1114 consentaneus
330 1077 383 1104 csse
403 1066 502 1105 videtur.
526 1067 573 1106 Per
593 1078 688 1106 sensum
707 1067 820 1106 moralem

54 1110 133 1173 itaque
147 1111 279 1169 intelligunt
292 1118 399 1158 notiones
413 1119 533 1170 principiis
547 1120 657 1170 practicis
667 1120 766 1159 rationis
780 1130 821 1170 pu·

55 1184 96 1211 rae
111 1173 294 1220 consentaneas,
312 1172 390 1211 effatis
405 1184 424 1212 s.
439 1173 574 1223 Scripturae
588 1172 716 1221 subjectas.
737 1174 790 1212 Hanc
805 1183 821 1210 s

55 1225 170 1282 Scripturae
182 1228 312 1264 tractationem
331 1227 415 1263 criticam
436 1228 536 1276 proposuit
549 1228 682 1276 promovitque
697 1227 746 1265 liant
757 1237 821 1276 opere

56 1291 102 1316 suo.
116 1271 205 1330 Religion
219 1279 319 1317 innerhalb
333 1278 368 1316 der
383 1279 469 1317 Gra'nzen
486 1280 520 1317 der
534 1280 613 1317 blossen
628 1280 728 1327 Vernunlt,
743 1284 821 1318 secutus

55 1333 175 1381 antiquorum
194 1332 350 1380 philosophorum
366 1333 487 1393 exemplum,
507 1333 538 1381 qui
557 1332 687 1383 mythologice
703 1310 822 1376 ellinicorum

55 1390 162 1423 commenta
181 1385 289 1423 sanioribus
308 1385 388 1422 rationis
408 1386 505 1434 principiis
526 1385 645 1423 conformare
665 1386 779 1431 nitebantur.
798 1385 821 1422 ln

55 1439 114 1475 verba
128 1438 190 1476 Kantii
205 1439 290 1488 magistri
305 1438 373 1485 statim,
387 1441 408 1475 ut
422 1437 463 1484 fieri
478 1438 533 1484 solet,
550 1426 612 1486 plures
625 1439 713 1487 jurarunt
727 1434 825 1486 discipuli,

55 1496 74 1528 et
92 1492 142 1528 inter
153 1482 196 1529 lios
215 1484 270 1528 etiam
288 1492 413 1538 interpretes;
432 1491 510 1542 plurimi
529 1495 591 1528 autem
610 1492 680 1528 eruditi
698 1492 749 1528 iuter
767 1492 820 1539 ipsos

54 1544 196 1591 Protestantes,
207 1543 240 1580 de
254 1542 317 1580 studio
330 1543 402 1587 biblico
415 1538 466 1580 bene
480 1544 553 1588 meriti,
572 1543 621 1580 lianc
635 1544 727 1591 interpret
720 1543 771 1580 tandi
786 1554 822 1590 ra-

55 1591 127 1633 tionem
145 1594 290 1645 impugnarunt,
309 1595 337 1631 uti
349 1594 457 1641 Ειοιιιιοιιι,
475 1571 619 1642 Rosenmiiller,
638 1595 746 1641 Noesselt,
757 1585 824 1644 Plana,

54 1648 106 1700 licil,
127 1649 187 1685 Storr.
202 1647 295 1685 Catholici
311 1658 352 1683 cam
367 1650 477 1693 constanter
490 1647 624 1694 repudiarunt
644 1647 682 1684 et
673 1659 718 1695 jure
735 1648 822 1695 quidem3

56 1697 98 1737 nam
114 1700 277 1752 interpretationis
292 1699 369 1736 nornine
383 1709 422 1735 nnn
438 1703 467 1736 esi
481 1699 545 1748 digna,
560 1710 602 1737 oum
612 1711 650 1736 non
659 1700 730 1748 ubique
738 1700 822 1747 loquen
823 1697 825 1700 ’

56 1754 80 1790 tis
96 1754 180 1806 cogitata
194 1751 270 1801 pandat,
285 1751 320 1788 scd
334 1752 435 1797 notiones,
455 1762 504 1799 quae
519 1752 614 1799 practicae
628 1747 708 1788 rationis
724 1752 826 1799 prinoipiIs

16 1839 20 1842 .
56 1801 199 1842 consentaneae
214 1815 284 1841 essey
273 1803 371 1850 videnlur,
391 1802 451 1839 effatis
472 1802 539 1839 divinis
559 1803 657 1847 obtrudat..
677 1804 694 1839 id
715 1803 785 1850 quod
780 1815 822 1851 rpse

57 1857 98 1905 ejus
113 1860 180 1893 auctor
194 1867 232 1892 uon
247 1847 320 1904 negat,¹
326 1830 371 1890 duni
383 1855 444 1890 textui
458 1866 473 1891 s.
483 1866 616 1904 nonnunquam
630 1855 667 1891 vim
682 1854 749 1891 inferri
764 1866 824 1902 opere

60 1911 90 1959 cit.
104 1908 180 1945 latetur.
201 1907 335 1944 Kanlianorum
353 1905 422 1954 placita
440 1905 476 1943 hoc
490 1910 589 1955 respectu
587 1906 656 1944 solido
672 1917 738 1944 carere
752 1905 823 1944 funda-

62 1954 133 2010 iirento,
148 1960 226 2011 patebit,
240 1960 256 1997 si
270 1959 376 1996 institutum
389 1957 447 1994 luerit

57 2094 159 2134 Examen
172 2094 374 2142 argumentorum,
393 2090 477 2140 quilius
492 2089 622 2130 moraliss.
637 2089 796 2141 Scripturae
790 2101 824 2129 m·
849 2079 853 2082 ⁸

276 2144 411 2196 terpretatio
426 2138 608 2183 commendatur.
809 2159 810 2162 ¹

398 2242 418 2293 ι.
433 2238 487 2284 109

369 2313 384 2344 1
396 2310 516 2372 Argumentum.

48 2406 50 2408 ·
112 2393 137 2432 S.
146 2392 243 2445 Scriptura
257 2365 344 2427 continet
358 2368 462 2425 doctrinam
477 2386 587 2433 revelatam,
602 2397 651 2434 quae
665 2397 704 2423 non
714 2390 777 2434 potest
786 2397 825 2424 non

59 2459 104 2486 csse
116 2441 267 2506 perfectissima,
286 2441 329 2490 quia
349 2445 446 2478 auctorem
465 2439 522 2476 habet
539 2439 611 2484 Deum,
631 2449 694 2486 aquo
709 2439 825 2489 alienissima

59 2504 89 2538 est
103 2499 164 2536 ornnis
180 2496 295 2547 cognitionis
314 2493 443 2542 imperiecti03
462 2493 514 2541 atqui
531 2492 621 2529 notiones
639 2491 756 2544 religiosae,
776 2503 825 2540 quae

59 2566 96 2602 ope
115 2550 280 2599 interpretationis
298 2546 396 2585 litteralis
407 2557 417 2582 e
437 2557 453 2583 s.
470 2545 567 2594 Scriptura
585 2548 686 2616 eruuntur,
705 2556 824 2594 nequaquam

60 2649 252 2658 —————-

81 2689 101 2746 l)
113 2703 184 2777 lClrbdllr.
195 2704 225 2775 ull
232 2703 303 2734 llozellta
313 2704 338 2733 in:
350 2703 395 2734 Neue
407 2699 558 2732 theol.--Zeitscltrift
569 2710 583 2730 v.
594 2671 628 2730 Jos.
639 2699 688 2730 Plctz.
703 2699 728 2730 tu.
739 2699 825 2740 tatrrgang,

121 2769 125 2777 .
144 2747 193 2786 ’.ιι
216 2756 287 2786 ..seqq
676 2766 678 2769 .
