1765 2921
75 130 105 158 ΧΙΙ

59 217 167 274 ‘phases,
184 216 262 261 elarius
279 217 445 274 perspiceretur.
463 216 533 269 Quare
550 206 610 261 viros
628 216 735 277 eruditos,
751 216 841 274 praeci-

75 303 117 347 pue
134 303 187 333 vero
210 290 345 338 clarissimos
365 291 427 334 studii
448 290 520 333 biblici
541 290 679 347 professores
702 295 724 332 et
746 284 843 344 collegas

49 388 54 397 x
76 348 217 407 amicissimos
234 364 309 407 iterum
324 364 442 420 iterumque
458 376 521 419 rogo,
538 368 569 418 ut,
586 355 646 420 quae
657 369 692 405 aut
708 368 792 415 errata>q
809 367 843 404 aut

66 438 145 483 xminus
162 442 223 479 recte
240 436 342 493 disposita
360 437 446 479 dictave
463 437 597 490 invenerint„
618 436 712 492 benigne
729 436 843 492 castigent,

77 522 123 550 cum
142 508 266 565 disciplinae
282 508 386 563 biblicae,
409 509 500 565 amplum
522 510 644 552 cruditionis
667 514 789 565 apparatum
804 521 844 549 re—

78 582 199 636 quirentesq
222 581 255 624 ad
265 583 369 636 majorem
389 582 528 640 perfectionis
551 582 639 637 gradum
656 581 730 624 adduci
746 581 784 624 vix
801 578 844 636 alio

78 653 140 696 modo
157 654 254 710 possint,
277 656 332 708 nisi,
354 656 389 711 qui
411 668 494 697 omnem
514 667 574 698 suam
593 656 658 698 vitam
680 652 844 698 ssditterarum

79 725 148 768 studio
166 725 244 778 dicant„
259 728 319 770 vires
336 740 385 778 suas
401 726 499 770 unientes
516 733 552 769 aut
569 725 627 771 libris
644 738 721 769 nonum
735 727 756 768 in
767 738 843 768 annum

79 799 162 854 pressis
185 812 294 842 sacrarum
316 801 452 843 scientiarum
471 799 546 842 florem
565 812 694 857 promovere
711 797 845 852 adlaboreut,

79 876 115 912 aut
131 870 189 924 nihil,
206 872 247 914 nisi
262 871 340 914 honam
358 885 447 927 eamque
464 885 595 914 communem
611 866 696 914 causam
708 884 760 927 prae
777 872 844 914 oculis

77 941 181 986 habentes
198 944 245 987 sine
261 946 293 987 ira
310 950 332 987 et
348 944 415 988 studio
427 950 541 998 proneam,
558 943 754 1001 quae-emendanda
765 945 786 987 in
797 943 844 987 aliis

78 1014 262 1071 deprehenderint.
289 1016 468 1067 Quemadmodum
489 1030 542 1061 vero
558 1030 601 1059 non
621 1017 689 1060 solum
706 1018 786 1060 amicas
803 1017 845 1059 ad-

78 1089 207 1132 monitiones
213 1091 226 1141 ,’
239 1089 277 1131 sed
295 1092 419 1135 severiores
437 1092 500 1133 etiam
515 1089 695 1147 reprehensiones
711 1079 775 1131 modo
791 1090 845 1132 viris

78 1161 176 1216 ingenuis
199 1161 408 1219 digno-propositas
430 1163 552 1218 gratissimo
575 1164 681 1218 excipiam
704 1163 784 1204 animo:
807 1162 845 1214 ita,

78 1239 101 1274 ut
118 1246 156 1289 par
173 1240 214 1287 est7
230 1233 350 1278 nullatenus
368 1234 446 1278 curabo
462 1236 568 1291 vituperia
585 1240 607 1277 et
624 1235 782 1277 criminationes
799 1235 845 1276 cri-

39 1349 42 1353 ,
78 1306 168 1348 ticorurn
186 1318 348 1363 anonymorum7
365 1309 399 1363 qui
417 1308 520 1361 emunctis
536 1306 622 1351 naribus
631 1311 660 1354 ,et
677 1306 845 1350 acutis'auribus

79 1379 124 1421 suis
141 1379 223 1432 confisi
240 1392 281 1421 nec
299 1386 369 1434 ttamen
385 1382 531 1424 conscientiae
541 1380 756 1431 teneritateanrriatiq
773 1381 845 1435 sagire
861 1375 866 1384 '

80 1439 220 1507 praetendunt
228 1465 263 1494 „ac
280 1452 398 1508 divulgant5
416 1452 475 1511 quod
488 1466 563 1496 omues
580 1452 641 1505 latet,
658 1458 679 1509 et
690 1454 791 1510 ignorare
803 1465 846 1507 ge-

80 1526 156 1582 stiunt,
179 1524 234 1581 quod
256 1527 338 1569 cunetis
360 1531 424 1583 patet.
449 1525 498 1569 Non
518 1525 622 1581 ejusmodi
639 1524 778 1583 sycophantis
795 1524 845 1581 pla-

77 1599 161 1657 cuisse,
179 1598 217 1641 sed
232 1598 280 1641 Deo
297 1597 385 1641 favente
403 1599 531 1655 aliquantulo
549 1599 624 1642 saltem
642 1599 730 1655 studium
747 1597 845 1644 biblicum
878 1640 882 1643 ,

79 1673 216 1727 promovisse
233 1671 271 1715 vel
287 1671 405 1727 adjuvisse,
417 1663 558 1716 dulcissimum
575 1671 672 1714 laborum
694 1684 794 1714 nieorum
806 1669 847 1713 erit

81 1756 205 1800 praemium,
666 1753 668 1757 ⁴

146 1867 227 1927 Scripsi
249 1870 276 1912 in—
293 1869 379 1913 Balneis
400 1869 500 1912 Marianis
521 1868 578 1912 festo
599 1868 624 1911 R.
645 1868 671 1911 Μ.
691 1867 718 1910 V.
739 1872 846 1911 assumtae
875 1899 878 1907 a

81 1956 137 1987 auno
154 1942 304 1987 Universitatis
322 1944 391 1987 almae
408 1942 661 1986 Garolo-Ferdinandeac
675 1941 761 1998 jubilari
