1765 2921
34 75 47 159 J
77 107 121 147 na

76 202 185 254 paschalem
200 202 311 242 celebrandi
325 189 377 243 esset
390 202 474 253 ignotus.
496 199 618 241 {demetiam
632 202 656 241 de
670 201 750 243 historia
763 185 840 255 passio-

75 257 105 296 nis
118 255 195 294 Domini
209 260 229 295 et
237 256 267 295 ‘de
278 257 366 306 pluribus
380 256 422 294 aliis
435 256 493 294 valet.

422 370 443 419 a.
457 366 495 408 aa.

101 436 127 468 lle
138 437 215 476 fontibus,
227 447 237 468 e
248 436 306 478 quibus
319 436 414 468 conditionis
426 442 501 468 externae
512 436 593 478 loquentis
607 435 696 467 haurienda
706 437 727 468 sit
738 437 814 477 cognitio.

130 516 308 564 cognoscamur

130 568 150 606 l.
168 569 252 614 Aetas,
271 568 348 617 patria
367 569 390 606 ci
407 568 488 617 lingua
500 567 617 619 loquentis
631 579 659 607 cx
672 567 841 608 introductione

75 619 100 659 in
113 630 146 658 ss.
161 620 283 669 utriusque
296 620 407 659 Foederis
421 621 502 659 libros.

129 672 150 709 2.
164 672 223 710 Fata
236 672 346 722 tactaque
357 673 485 722 loquentis:

129 726 153 773 o)
170 735 198 763 ex
216 727 298 774 aperta
316 736 395 763 eorum
413 724 568 775 descriptione
586 724 610 763 irr
628 735 661 763 SS.
679 723 746 763 libris
765 724 841 773 obvia,

76 776 138 825 qualis
156 788 174 814 v.
189 789 208 827 g.
222 778 241 815 in
254 777 364 827 Evangeliis
384 782 403 815 et
418 779 438 815 in
452 778 494 815 Act.
508 778 557 826 App.
572 776 635 826 quoad
649 777 687 815 lata
701 777 789 825 factaque
803 780 842 815 tum

76 829 124 867 Jesu
137 829 203 878 ipsius,
218 833 257 867 tum
270 829 406 878 Apostolorum
421 831 525 875 invenitur;

131 882 153 927 b)
168 892 180 920 e
194 881 239 920 lide
253 881 323 930 digna
337 882 486 930 antiquorum
502 881 643 931 scriptorum
660 880 785 929 relatione3
805 881 842 919 de-

75 933 134 982 nique

130 988 152 1031 c)
166 995 207 1034 per
223 984 299 1034 ipsam
317 984 412 1024 lectoris
430 996 463 1024 ss.
482 985 624 1031 litterarum,
643 996 702 1023 sano
721 986 744 1023 ct
762 984 842 1023 subtili

3 1042 8 1045 ”
73 1036 164 1085 judicio
178 1036 287 1086 praediti,
301 1037 461 1085 reflexionem,
481 1039 536 1087 qu'us
551 1049 619 1086 opcv.
634 1050 653 1087 g.
667 1038 729 1075 lector
742 1038 841 1086 utriusque

76 1100 92 1128 s.
107 1088 159 1126 Pauli
173 1089 197 1126 ad
211 1088 318 1127 Corinthios
333 1094 353 1127 et
366 1089 417 1127 illius
432 1089 456 1127 ad
470 1089 546 1128 Galatas
565 1090 659 1139 epistolae
675 1090 725 1127 haud
740 1089 842 1127 difficulter

76 1145 189 1191 cognoscet,
203 1142 224 1178 in
237 1146 318 1190 utraque
332 1142 416 1180 eeclesia
429 1142 490 1180 fuisse
504 1142 602 1189 homines,
617 1143 649 1190 qui
662 1143 772 1180 auctoritati
785 1142 841 1191 Apo-

76 1194 167 1232 stolit
135 1193 167 1230 de
167 1192 262 1231 raherent
325 1210 330 1217 x

128 1244 150 1283 3.
165 1244 251 1283 Gestus
265 1247 288 1283 ct
301 1245 496 1295 pronuntiationis
510 1247 591 1284 tonus:

130 1299 152 1342 α)
173 1307 201 1335 ex
218 1296 323 1347 ipsorum
344 1308 377 1337 ss.
396 1298 536 1347 scriptorum
553 1296 755 1344 marrifcst'atione,
775 1295 841 1344 veluti,

76 1348 129 1397 quod
143 1353 218 1399 gestum
231 1350 307 1398 attinet,
321 1350 353 1387 Mt.
369 1350 400 1397 12,
412 1350 447 1399 49
468 1351 500 1397 26,
514 1351 546 1387 65.
568 1349 600 1398 27,
615 1350 648 1389 29.
668 1349 714 1387 Luc.
727 1349 747 1396 4,
764 1349 794 1386 16.
809 1349 842 1388 20

77 1401 165 1500 ῗξὸιὲ
144 1401 187 1438 Act.
203 1400 234 1449 13,
250 1401 292 1447 16.;
307 1402 371 1450 quoad
379 1403 540 1452 pronunhatronrs
550 1406 625 1440 tonum
638 1402 670 1439 ltlt.
680 1400 712 1449 27,
726 1377 759 1438 46.
772 1401 841 1438 Joann.

129 1506 152 1554 β)
167 1515 179 1543 6
193 1505 308 1544 contextu.
329 1505 361 1545 Sic
374 1516 393 1543 v.
407 1517 426 1556 g.
441 1505 466 1543 ob
480 1506 581 1555 sequentia
594 1503 648 1543 recte
663 1505 760 1551 statuitur,
778 1500 842 1542 Joan-

75 1557 154 1595 nemB.
169 1569 226 1594 manu
239 1558 260 1594 in-
272 1557 338 1595 Jesum
353 1562 433 1595 extensa
441 1562 485 1607 pro
477 1558 545 1596 ulisse
555 1558 614 1595 verba
624 1557 692 1595 Joann
704 1557 720 1604 1,
731 1556 763 1594 36.
778 1556 842 1606 „Ecce

77 1620 139 1657 agnus
152 1609 207 1655 961,α
224 1614 244 1646 et
258 1609 353 1647 Christum
366 1607 412 1646 ibid
426 1611 445 1657 2,
460 1609 492 1647 19.
506 1611 611 1647 dicentem.
631 1609 738 1657 „Destruite
752 1608 842 1657 templum

76 1660 126 1698 hoe“
142 1659 202 1709 digito
216 1661 353 1699 monstrasse
348 1673 368 1699 in
382 1672 451 1712 corpus
466 1673 527 1709 sunm,
542 1672 624 1709 eumque
638 1662 692 1699 suavi
706 1666 752 1698 tono
768 1661 842 1698 dixisse

78 1711 102 1750 ad
119 1717 198 1750 matrem
216 1711 284 1751 Joann.
299 1714 318 1761 2,
331 1712 351 1750 4.
373 1708 434 1762 ,Quid
453 1713 536 1752 mihit
516 1718 536 1752 et
552 1714 587 1752 tibi
605 1713 700 1752 mulier?“
722 1713 760 1751 Gir.
776 1712 793 1761 1,
808 1711 841 1751 37.

77 1765 96 1811 2,
111 1765 144 1803 21.
158 1766 190 1804 22.
204 1766 223 1813 2,
238 1766 256 1802 5.
276 1765 366 1803 Attamen
378 1766 439 1815 probe
454 1766 567 1814 cavendnm,
585 1777 610 1803 ne
629 1765 688 1804 hac'
683 1777 702 1804 m
716 1777 737 1804 re
752 1766 793 1804 sinc
807 1776 842 1803 ra-

76 1818 129 1856 tione
144 1793 251 1855 sufficie'me
266 1818 311 1867 quid
325 1822 428 1865 statuatur3
446 1830 489 1856 nam
506 1819 562 1857 sicuti
576 1818 624 1856 haec
642 1818 709 1857 solidis
723 1829 749 1855 ex
761 1818 842 1855 rationi-

75 1870 112 1907 bus
131 1871 231 1918 supposita
249 1870 273 1908 ad
290 1882 357 1908 verum
374 1881 452 1908 sensum
469 1871 604 1909 inveniendum
621 1871 747 1919 interpretem
764 1870 841 1917 ducunt,

76 1922 103 1961 ita
121 1925 194 1960 temere
212 1926 320 1971 praesumta
339 1933 382 1960 eum
396 1933 407 1961 a
420 1934 467 1962 vero
485 1934 545 1962 sensu
562 1925 673 1961 necessario
689 1922 789 1960 abducunt.
810 1921 842 1961 Sic

76 1985 95 2012 v.
109 1986 129 2025 g.
143 1978 227 2022 erraret,
242 1974 328 2024 quites.
343 1974 362 2023 7,
378 1974 409 2013 14.
423 1979 549 2025 supponeret,
563 1975 673 2025 prophetam
687 1976 707 2013 in
720 1977 842 2024 praesentem

78 2027 177 2074 quamdam
190 2027 273 2076 puellam
287 2027 485 2078 digitomonstrasse,
499 2040 543 2066 cum
556 2028 640 2066 diceret:
655 2027 718 2077 „Ecce
726 2029 782 2077 virgo
792 2037 843 2065 con-

79 2079 148 2128 cipiet“
163 2084 211 2126 etc.;
271 2117 273 2120 ,

78 2141 80 2145 ·
131 2134 151 2179 γ)
166 2142 179 2169 6
192 2133 327 2172 charactere
340 2133 425 2172 morali
438 2132 562 2182 loquentis,
575 2144 594 2170 v.
608 2143 628 2182 g.
641 2131 710 2171 loann.
724 2132 743 2180 2,
757 2131 787 2178 4.;

133 2185 155 2229 ὃ)
170 2195 183 2222 e
196 2185 326 2224 rationibus
340 2185 521 2236 psychologicis‚
535 2185 624 2234 equibus
633 2196 651 2222 v.
665 2196 684 2235 g.
695 2188 780 2223 statuere
789 2185 842 2234 lieet,

77 2236 144 2275 Jesum
159 2236 259 2274 elevatis
253 2249 273 2275 rn
287 2239 362 2277 coelum
377 2239 438 2276 oculis
453 2249 526 2275 orasse

131 2289 152 2327 4.
170 2289 262 2328 indoles
276 2301 354 2329 reruni
371 2290 510 2329 biblicarunr
527 2290 717 2339 cognoscituros
731 2273 842 2328 archace-

77 2341 147 2391 logia.

132 2395 153 2432 5.
168 2393 274 2433 Conditio
288 2405 442 2444 personarum
456 2393 594 2433 bihlicarum
608 2405 635 2433 ex
646 2393 729 2433 iisdem
738 2394 842 2433 fontibus

78 2446 252 2493 determinatur,
267 2457 280 2484 e
290 2446 374 2495 quibus
384 2446 485 2486 conditio
494 2447 610 2498 loquentis
620 2447 734 2495 hauritur,
749 2449 772 2486 et
782 2457 841 2497 quos

36 2523 42 2530 ..
79 2508 122 2536 suo
136 2500 188 2538 loco
201 2499 364 2549 indicabimus.
