1787 2921
781 106 809 144 75

48 204 134 244 currunt,
154 205 187 237 aut
202 200 234 237 ubi
252 205 315 238 textus
333 202 435 239 hebraicus
454 202 477 238 ad
496 212 573 238 sensum
587 202 625 238 loci
640 202 738 249 cujusdam
752 202 774 237 N.
789 202 810 237 T.

47 250 180 290 inveniendum
194 252 225 287 vel
239 252 313 299 plenius
332 253 488 302 cognoscendum
507 253 582 288 consuli
601 252 668 297 debet,
687 253 810 300 Septuaginta

48 302 196 356 significationes
211 303 310 342 hebraicas
324 316 392 343 vocum
407 309 426 344 et
444 304 565 343 formularum
585 304 717 343 obscuriorum
735 303 810 354 pandit,

47 370 89 399 nam
103 357 153 396 baud
166 370 210 397 raro
225 360 307 408 quaein
321 361 402 408 quodam
417 361 460 399 loco
480 360 503 398 ad
517 359 595 397 verbum
611 370 704 408 expressa
718 362 772 406 sunt,
790 359 810 396 in

48 413 84 450 alio
99 412 180 448 maxime
194 413 295 459 perspicue
309 417 329 449 et
342 415 422 462 egregie
436 413 546 462 redduntur.

100 463 124 506 d)
138 463 214 508 Quum
227 462 251 498 in
264 463 411 500 versionibus
425 464 519 500 traditio
529 463 646 509 exegetica
655 462 687 500 sit
696 462 810 509 deposita,

47 511 209 551 auctoritatem
223 522 303 548 earum
318 523 364 559 qua
378 513 471 550 testium
485 524 543 550 usus
557 512 666 560 loquendi
681 523 708 549 eo
719 512 811 559 gravio-

47 576 95 606 rem
109 563 205 612 habeas,
219 574 265 613 quo
280 563 422 614 antiquiores
437 566 498 613 sunt,
514 567 536 604 et
549 565 599 603 vice
613 575 690 604 versa.
709 564 810 602 Consen-

47 621 89 660 sus
103 617 206 659 omilium
219 618 367 658 tradItionem
382 620 527 658 constantem
541 631 570 658 ac
588 622 675 658 certam
694 620 810 658 contesta-

47 676 96 720 tur3
109 673 134 710 iu
148 672 257 710 dissensu
271 683 298 709 ex
311 673 364 719 lide,
379 683 406 709 ex
419 673 509 719 integro
519 673 654 709 charactere
667 674 809 722 versionum,

47 733 150 762 necnon
164 733 191 760 ex
204 725 326 760 auctorum
340 723 438 761 consilio
457 725 479 760 et
498 723 551 760 aliis
569 724 673 759 fontibus
692 734 720 759 ac
734 723 810 759 subsi-

49 774 93 811 diis
108 772 282 818 dijudicandum
297 775 340 819 est,
355 773 446 810 carinam
460 773 624 821 praerogativa
639 773 757 809 debeatur.

99 826 120 874 c]
133 825 152 863 Α
169 824 316 864 versionibus
335 824 392 864 nihil
410 826 542 876 exspectes,
563 824 608 864 nisi
627 823 810 875 significationes

46 880 220 928 vocabulorum,
235 879 332 930 singulis
347 880 371 919 in
385 880 443 920 locis
454 880 487 919 eis
498 879 669 928 convenientes,
683 881 705 919 et
715 890 810 918 sensum

47 934 160 971 dictorum
177 945 248 981 saepe
265 934 318 971 aliis
336 934 414 971 verbis
433 945 575 982 expressum.
595 934 700 970 Versiones
714 944 809 979 nunquam

46 988 144 1031 praestare
158 989 244 1030 possunt,
258 996 321 1031 neque
335 996 370 1031 pro
384 985 448 1021 indole
462 996 496 1021 sua
510 987 609 1031 praestare
624 985 699 1029 debent,
714 988 735 1020 ut
744 994 810 1019 omnes

47 1034 196 1083 significationes
211 1035 309 1082 quusdam
323 1036 377 1070 vocis
391 1046 429 1071 uno
445 1035 551 1081 eodemque
565 1036 584 1070 in
598 1035 652 1079 loco,
668 1039 699 1070 aut
713 1034 811 1080 etymolo-

46 1087 95 1138 giam
111 1085 218 1124 exhibeant.
231 1085 360 1136 Excipiendus
375 1089 438 1124 tamen
453 1090 483 1124 est
495 1086 574 1136 Aquila,
590 1087 631 1137 qui,
646 1090 666 1125 ut
681 1090 699 1125 ct
714 1085 810 1136 etymolo-

47 1142 96 1192 giam
111 1140 219 1190 exhiberet,
238 1153 359 1191 summopere
373 1141 501 1193 adlaboravit,
520 1142 547 1182 uti
561 1141 630 1180 docent
643 1141 749 1194 fragmenta
762 1152 810 1181 ver-

46 1195 105 1232 sionis
121 1195 169 1243 ejus,
184 1206 233 1243 quae
247 1194 271 1236 ad
285 1206 321 1232 nos
335 1199 469 1243 pervenerunt.
678 1195 681 1198 ⁴

303 1455 321 1485 Β.
332 1454 349 1484 ln
361 1456 465 1495 scriptoribus
477 1456 550 1495 antiquis.

99 1537 131 1572 Ex
145 1537 210 1573 hisce
223 1533 347 1584 praecipue
366 1540 542 1575 commemorari
561 1541 677 1575 tuerentur
691 1540 809 1587 Josephus

46 1586 108 1625 Flav.
123 1589 145 1626 et
159 1588 264 1626 nonnulli
277 1588 361 1627 Patres
376 1589 499 1628 eeclesiae:

101 1641 121 1681 l.
136 1642 253 1693 Josephus
267 1643 311 1693 rt,
331 1656 393 1684 saec.
408 1644 424 1683 1.
439 1644 533 1693 florens,
548 1644 602 1684 licet
616 1644 746 1685 versionem
761 1646 811 1686 dle-

46 1697 183 1734 xandritram
198 1699 292 1735 secutus
307 1698 349 1744 sit,
369 1699 463 1746 saepius
482 1701 560 1736 tamen
575 1700 651 1747 ipsura
665 1702 751 1737 textum
766 1701 811 1737 ori·

46 1747 146 1793 girtalem
161 1749 268 1793 contulit,
287 1750 349 1795 quod
363 1750 415 1785 loca
429 1751 543 1796 permulta
557 1751 668 1797 probant,
688 1751 711 1787 in
726 1751 811 1797 qrribus

47 1807 61 1832 a
76 1798 106 1833 it)
120 1799 302 1835 translatoribus
317 1800 420 1835 discedit.
435 1800 461 1835 ln
475 1800 512 1836 his
523 1799 575 1845 jam
590 1801 693 1847 locuples
708 1803 744 1837 est
752 1812 811 1837 usus

46 1846 154 1897 loquendi
175 1849 278 1888 hebraici
296 1849 376 1899 testis;
397 1851 466 1889 ceteris
489 1851 537 1889 eninr
556 1852 702 1902 interpretibus,
725 1853 810 1902 exceptis

29 1917 30 1920 ¹
45 1901 185 1953 Alexandrinis,
202 1905 302 1954 antiquior,
317 1905 398 1944 dialecto
413 1905 510 1944 chaldaica
520 1906 608 1945 utebatur
616 1907 727 1953 vernacula3
742 1918 811 1945 sacer-

47 1955 80 1993 dos
96 1962 136 1994 erat
151 1958 245 2004 eruditus,
263 1962 283 1995 et
300 1963 397 2006 postremo
417 1959 455 1995 dux
475 1961 570 1996 exercitus
586 1961 665 1997 Galilaci
679 1962 698 1998 in
712 1960 762 1996 bello
775 1961 811 2008 J'u-

47 2007 108 2053 daico,
123 2009 211 2055 adeoque
225 2013 300 2055 terram,
315 2010 401 2046 locorum
416 2011 478 2055 situm,
494 2011 620 2046 conditionem
635 2016 655 2046 et
665 2011 756 2057 producta
765 2013 811 2047 illa-

45 2066 86 2093 rum
99 2060 206 2108 regionum,
220 2060 276 2109 leges
290 2070 313 2095 ac
326 2061 373 2096 ritus
388 2069 453 2095 sacros
468 2071 506 2096 non
521 2064 595 2108 poterat
603 2071 641 2096 non
654 2061 726 2097 habere
741 2063 811 2111 cogni-

46 2111 86 2159 tos,
106 2115 125 2149 et
139 2122 188 2162 quae
203 2112 226 2150 ad
241 2112 282 2163 eJus
296 2122 358 2163 usque
372 2116 453 2151 aetatem
467 2112 491 2151 de
504 2123 541 2152 usu
555 2113 645 2163 loquendi
658 2113 749 2153 hebraico
764 2126 811 2166 per-

46 2170 143 2213 venerant,
157 2166 218 2216 probe
233 2166 313 2213 scire1).

47 2225 50 2227 ·
98 2218 120 2255 2.
135 2220 200 2266 Quae
214 2219 238 2256 iu
252 2220 346 2267 scriptis
361 2220 468 2268 origenis
483 2222 505 2256 ct
519 2231 538 2257 s.
547 2220 682 2268 Hieronymi
692 2221 810 2267 hebraica,

46 2277 61 2302 a
75 2278 94 2304 s.
108 2269 237 2316 Augustino
251 2271 347 2316 punica,
367 2273 390 2307 et
408 2283 422 2307 a
441 2282 460 2308 s.
478 2271 608 2317 Ephraemo
628 2272 722 2318 spuiaca
740 2272 810 2318 expli·

47 2319 135 2366 cantur,
150 2321 405 2359 manen-attentionem
419 2323 543 2359 merentur.
561 2322 633 2368 Patres,
649 2323 680 2370 qui
695 2334 719 2359 ex
732 2323 810 2359 versio-

46 2369 100 2410 nibus
114 2371 224 2422 bauserunt,
238 2372 275 2412 nisi
289 2372 313 2412 de
327 2373 384 2413 rebus
399 2374 443 2414 fidei
457 2378 476 2414 et
489 2386 561 2413 morum
577 2374 721 2415 christianorum
735 2378 810 2426 agatur,

46 2427 107 2471 prouti
121 2429 221 2466 versiones
235 2428 328 2466 mediatae
346 2433 406 2467 testes
423 2441 470 2467 usus
488 2430 580 2477 loquendi
594 2431 678 2469 hebraici
692 2430 758 2466 haberi
771 2442 809 2468 ne-

46 2482 121 2522 queunt.
429 2484 430 2487 ’

45 2587 236 2600 ἣ-ᾐ-

66 2666 84 2704 1)
97 2668 165 2708 Operum
176 2670 241 2710 loscpbi
252 2671 303 2702 Flavii
317 2672 406 2713 elegantem
423 2673 508 2703 editionem
523 2674 634 2704 recentissime
649 2675 710 2706 curavit
721 2674 810 2706 Guilelmus

96 2710 193 2742 Diridoriius.
204 2713 267 2743 Parisiis
280 2714 375 2744 tate-tr.
386 2716 396 2744 2
408 2714 446 2745 voll.
458 2715 473 2745 Β.
485 2714 521 2752 maj.
