<?xml version="1.0" encoding="UTF-8"?>
<!DOCTYPE html PUBLIC "-//W3C//DTD XHTML 1.0 Transitional//EN"
    "http://www.w3.org/TR/xhtml1/DTD/xhtml1-transitional.dtd">
<html xmlns="http://www.w3.org/1999/xhtml" xml:lang="en" lang="en">
 <head>
  <title>
</title>
<meta http-equiv="Content-Type" content="text/html;charset=utf-8" />
  <meta name='ocr-system' content='tesseract 3.04.00' />
  <meta name='ocr-capabilities' content='ocr_page ocr_carea ocr_par ocr_line ocrx_word'/>
</head>
<body>
  <div class='ocr_page' id='page_1' title='image "./MN41624ucmf_7_0046.png"; bbox 0 0 1765 2921; ppageno 0'>
   <div class='ocr_carea' id='block_1_1' title="bbox 64 95 93 135">
    <p class='ocr_par' dir='ltr' id='par_1_1' title="bbox 64 95 93 135">
     <span class='ocr_line' id='line_1_1' title="bbox 64 95 93 135; baseline -0.034 0"><span class='ocrx_word' id='word_1_1' title='bbox 64 95 93 135; x_wconf 66' lang='lat'><strong>12</strong></span> 
     </span>
    </p>
   </div>
   <div class='ocr_carea' id='block_1_2' title="bbox 64 164 883 265">
    <p class='ocr_par' dir='ltr' id='par_1_2' title="bbox 64 164 883 265">
     <span class='ocr_line' id='line_1_2' title="bbox 64 164 883 265; baseline -0.007 -35"><span class='ocrx_word' id='word_1_2' title='bbox 64 203 133 231; x_wconf 87' lang='lat' dir='ltr'><strong>recens</strong></span> <span class='ocrx_word' id='word_1_3' title='bbox 155 191 248 231; x_wconf 88' lang='lat' dir='ltr'><strong>collectus</strong></span> <span class='ocrx_word' id='word_1_4' title='bbox 267 193 331 231; x_wconf 85' lang='lat' dir='ltr'><strong>matris</strong></span> <span class='ocrx_word' id='word_1_5' title='bbox 352 192 459 230; x_wconf 79' lang='lat' dir='ltr'>ecclessiae</span> <span class='ocrx_word' id='word_1_6' title='bbox 480 164 594 265; x_wconf 90' lang='lat' dir='ltr'><strong>universalis</strong></span> <span class='ocrx_word' id='word_1_7' title='bbox 608 193 709 227; x_wconf 88' lang='lat' dir='ltr'><strong>accuratus</strong></span> <span class='ocrx_word' id='word_1_8' title='bbox 723 191 776 226; x_wconf 89' lang='lat' dir='ltr'><strong>esset</strong></span> <span class='ocrx_word' id='word_1_9' title='bbox 791 199 826 224; x_wconf 91' lang='lat' dir='ltr'><strong>cc·</strong></span> <span class='ocrx_word' id='word_1_10' title='bbox 868 184 883 240; x_wconf 56' lang='grc' dir='ltr'><strong>’ἶ</strong></span> 
     </span>
    </p>
   </div>
   <div class='ocr_carea' id='block_1_3' title="bbox 64 243 482 344">
    <p class='ocr_par' dir='ltr' id='par_1_3' title="bbox 64 243 482 344">
     <span class='ocr_line' id='line_1_3' title="bbox 64 243 482 344; baseline -0.002 -50"><span class='ocrx_word' id='word_1_11' title='bbox 64 243 153 294; x_wconf 73' lang='lat' dir='ltr'><strong>lll¹1⁵¹h</strong></span> <span class='ocrx_word' id='word_1_12' title='bbox 409 296 429 344; x_wconf 58' lang='lat' dir='ltr'>S</span> <span class='ocrx_word' id='word_1_13' title='bbox 446 293 482 333; x_wconf 35' lang='lat' dir='ltr'><strong>ss.</strong></span> 
     </span>
    </p>
   </div>
   <div class='ocr_carea' id='block_1_4' title="bbox 144 350 747 403">
    <p class='ocr_par' dir='ltr' id='par_1_4' title="bbox 144 350 747 403">
     <span class='ocr_line' id='line_1_4' title="bbox 144 350 747 403; baseline -0.007 -9"><span class='ocrx_word' id='word_1_14' title='bbox 144 363 164 394; x_wconf 89' lang='lat' dir='ltr'><strong>II.</strong></span> <span class='ocrx_word' id='word_1_15' title='bbox 176 363 225 395; x_wconf 87' lang='lat' dir='ltr'><strong>Sacra</strong></span> <span class='ocrx_word' id='word_1_16' title='bbox 233 364 314 403; x_wconf 76' lang='lat' dir='ltr'><strong>Scriptura</strong></span> <span class='ocrx_word' id='word_1_17' title='bbox 325 373 358 393; x_wconf 91' lang='lat' dir='ltr'><strong>non</strong></span> <span class='ocrx_word' id='word_1_18' title='bbox 370 364 446 403; x_wconf 85' lang='lat' dir='ltr'><strong>integram</strong></span> <span class='ocrx_word' id='word_1_19' title='bbox 458 361 530 392; x_wconf 83' lang='lat' dir='ltr'><strong>continet</strong></span> <span class='ocrx_word' id='word_1_20' title='bbox 542 350 629 391; x_wconf 78' lang='lat' dir='ltr'><strong>doctrinam</strong></span> <span class='ocrx_word' id='word_1_21' title='bbox 641 360 747 391; x_wconf 70' lang='lat' dir='ltr'>christianam.</span> 
     </span>
    </p>
   </div>
   <div class='ocr_carea' id='block_1_5' title="bbox 118 436 828 484">
    <p class='ocr_par' dir='ltr' id='par_1_5' title="bbox 118 411 882 484">
     <span class='ocr_line' id='line_1_5' title="bbox 118 436 828 484; baseline 0 -10"><span class='ocrx_word' id='word_1_22' title='bbox 118 436 181 474; x_wconf 89' lang='lat' dir='ltr'><strong>Licet</strong></span> <span class='ocrx_word' id='word_1_23' title='bbox 196 436 294 474; x_wconf 87' lang='lat' dir='ltr'><strong>ecclesia</strong></span> <span class='ocrx_word' id='word_1_24' title='bbox 308 436 436 474; x_wconf 87' lang='lat' dir='ltr'><strong>christiana</strong></span> <span class='ocrx_word' id='word_1_25' title='bbox 450 436 547 473; x_wconf 85' lang='lat' dir='ltr'><strong>fundata</strong></span> <span class='ocrx_word' id='word_1_26' title='bbox 562 438 584 473; x_wconf 91' lang='lat' dir='ltr'><strong>et</strong></span> <span class='ocrx_word' id='word_1_27' title='bbox 597 439 726 484; x_wconf 79' lang='lat' dir='ltr'><strong>propagata</strong></span> <span class='ocrx_word' id='word_1_28' title='bbox 736 437 766 474; x_wconf 92' lang='lat' dir='ltr'><strong>sit</strong></span> <span class='ocrx_word' id='word_1_29' title='bbox 776 437 828 474; x_wconf 89' lang='lat' dir='ltr'><strong>sola</strong></span> 
     </span>
    </p>
   </div>
   <div class='ocr_carea' id='block_1_6' title="bbox 65 487 883 535">
    <p class='ocr_par' dir='ltr' id='par_1_6' title="bbox 65 487 883 535">
     <span class='ocr_line' id='line_1_6' title="bbox 65 487 883 535; baseline -0.001 -9"><span class='ocrx_word' id='word_1_30' title='bbox 65 488 200 534; x_wconf 84' lang='lat' dir='ltr'><strong>traditione3</strong></span> <span class='ocrx_word' id='word_1_31' title='bbox 214 489 268 526; x_wconf 89' lang='lat' dir='ltr'><strong>licet</strong></span> <span class='ocrx_word' id='word_1_32' title='bbox 281 488 362 525; x_wconf 74' lang='lat' dir='ltr'><strong>eadem</strong></span> <span class='ocrx_word' id='word_1_33' title='bbox 376 488 427 525; x_wconf 80' lang='lat' dir='ltr'><strong>sola</strong></span> <span class='ocrx_word' id='word_1_34' title='bbox 442 487 511 525; x_wconf 85' lang='lat' dir='ltr'><strong>etiarn</strong></span> <span class='ocrx_word' id='word_1_35' title='bbox 521 487 610 535; x_wconf 88' lang='lat' dir='ltr'><strong>integra</strong></span> <span class='ocrx_word' id='word_1_36' title='bbox 620 488 725 525; x_wconf 88' lang='lat' dir='ltr'><strong>doctrina</strong></span> <span class='ocrx_word' id='word_1_37' title='bbox 735 488 828 533; x_wconf 78' lang='lat' dir='ltr'><strong>Christi,</strong></span> <span class='ocrx_word' id='word_1_38' title='bbox 874 515 883 525; x_wconf 90' lang='lat'><em>.</em></span> 
     </span>
    </p>
   </div>
   <div class='ocr_carea' id='block_1_7' title="bbox 66 537 829 640">
    <p class='ocr_par' dir='ltr' id='par_1_7' title="bbox 66 527 882 641">
     <span class='ocr_line' id='line_1_7' title="bbox 67 537 828 590; baseline -0.002 -12"><span class='ocrx_word' id='word_1_39' title='bbox 67 539 180 587; x_wconf 79' lang='lat' dir='ltr'><strong>singulari</strong></span> <span class='ocrx_word' id='word_1_40' title='bbox 195 539 296 588; x_wconf 81' lang='lat' dir='ltr'><strong>Spiritus</strong></span> <span class='ocrx_word' id='word_1_41' title='bbox 311 550 330 576; x_wconf 87' lang='lat' dir='ltr'><strong>s.</strong></span> <span class='ocrx_word' id='word_1_42' title='bbox 344 539 469 590; x_wconf 88' lang='lat' dir='ltr'><strong>rrrurrirnirre</strong></span> <span class='ocrx_word' id='word_1_43' title='bbox 483 537 595 586; x_wconf 82' lang='lat' dir='ltr'><strong>gaudens,</strong></span> <span class='ocrx_word' id='word_1_44' title='bbox 610 539 639 576; x_wconf 84' lang='lat' dir='ltr'><strong>ad</strong></span> <span class='ocrx_word' id='word_1_45' title='bbox 650 538 828 577; x_wconf 83' lang='lat' dir='ltr'><strong>consummatio·</strong></span> 
     </span>
     <span class='ocr_line' id='line_1_8' title="bbox 66 590 829 640; baseline -0.002 -11"><span class='ocrx_word' id='word_1_46' title='bbox 66 603 118 630; x_wconf 88' lang='lat' dir='ltr'><strong>nern</strong></span> <span class='ocrx_word' id='word_1_47' title='bbox 137 591 225 629; x_wconf 87' lang='lat' dir='ltr'><strong>saeculi</strong></span> <span class='ocrx_word' id='word_1_48' title='bbox 246 602 320 640; x_wconf 91' lang='lat' dir='ltr'><strong>usqne</strong></span> <span class='ocrx_word' id='word_1_49' title='bbox 342 591 476 629; x_wconf 82' lang='lat' dir='ltr'><strong>conservari</strong></span> <span class='ocrx_word' id='word_1_50' title='bbox 495 590 608 639; x_wconf 89' lang='lat' dir='ltr'><strong>potuisset</strong></span> <span class='ocrx_word' id='word_1_51' title='bbox 629 602 698 639; x_wconf 88' lang='lat' dir='ltr'><strong>pura:</strong></span> <span class='ocrx_word' id='word_1_52' title='bbox 720 601 829 640; x_wconf 89' lang='lat' dir='ltr'><strong>snprerno</strong></span> 
     </span>
    </p>
   </div>
   <div class='ocr_carea' id='block_1_8' title="bbox 66 642 829 693">
    <p class='ocr_par' dir='ltr' id='par_1_8' title="bbox 66 642 882 693">
     <span class='ocr_line' id='line_1_9' title="bbox 66 642 829 693; baseline -0.005 -11"><span class='ocrx_word' id='word_1_53' title='bbox 66 647 144 682; x_wconf 91' lang='lat' dir='ltr'><strong>tamen</strong></span> <span class='ocrx_word' id='word_1_54' title='bbox 157 643 254 682; x_wconf 76' lang='lat' dir='ltr'><strong>Numine</strong></span> <span class='ocrx_word' id='word_1_55' title='bbox 268 643 447 693; x_wconf 75' lang='lat' dir='ltr'><strong>sapientissimis</strong></span> <span class='ocrx_word' id='word_1_56' title='bbox 462 654 488 680; x_wconf 90' lang='lat' dir='ltr'><strong>ex</strong></span> <span class='ocrx_word' id='word_1_57' title='bbox 498 642 576 680; x_wconf 90' lang='lat' dir='ltr'><strong>causis</strong></span> <span class='ocrx_word' id='word_1_58' title='bbox 586 642 621 680; x_wconf 88' lang='lat' dir='ltr'><strong>sic</strong></span> <span class='ocrx_word' id='word_1_59' title='bbox 630 643 764 682; x_wconf 67' lang='lat' dir='ltr'><strong>moder-‘ante</strong></span> <span class='ocrx_word' id='word_1_60' title='bbox 773 654 829 682; x_wconf 91' lang='lat' dir='ltr'><strong>non·</strong></span> 
     </span>
    </p>
   </div>
   <div class='ocr_carea' id='block_1_9' title="bbox 14 694 883 2628">
    <p class='ocr_par' dir='ltr' id='par_1_9' title="bbox 14 693 883 1483">
     <span class='ocr_line' id='line_1_10' title="bbox 14 694 829 747; baseline -0.002 -11"><span class='ocrx_word' id='word_1_61' title='bbox 14 723 16 729; x_wconf 86' lang='lat'><em>.</em></span> <span class='ocrx_word' id='word_1_62' title='bbox 66 697 124 737; x_wconf 94' lang='lat' dir='ltr'><strong>nulli</strong></span> <span class='ocrx_word' id='word_1_63' title='bbox 138 697 300 747; x_wconf 75' lang='lat' dir='ltr'><strong>Apostolorum</strong></span> <span class='ocrx_word' id='word_1_64' title='bbox 314 698 337 734; x_wconf 89' lang='lat' dir='ltr'><strong>et</strong></span> <span class='ocrx_word' id='word_1_65' title='bbox 351 696 396 734; x_wconf 92' lang='lat' dir='ltr'><strong>duo</strong></span> <span class='ocrx_word' id='word_1_66' title='bbox 410 706 437 734; x_wconf 80' lang='lat' dir='ltr'><strong>ex</strong></span> <span class='ocrx_word' id='word_1_67' title='bbox 452 694 574 734; x_wconf 75' lang='lat' dir='ltr'><strong>comitibus</strong></span> <span class='ocrx_word' id='word_1_68' title='bbox 584 706 663 734; x_wconf 90' lang='lat' dir='ltr'><strong>eornnr</strong></span> <span class='ocrx_word' id='word_1_69' title='bbox 673 696 749 735; x_wconf 89' lang='lat' dir='ltr'><strong>serius</strong></span> <span class='ocrx_word' id='word_1_70' title='bbox 760 696 829 734; x_wconf 86' lang='lat' dir='ltr'><strong>etiarn</strong></span> 
     </span>
     <span class='ocr_line' id='line_1_11' title="bbox 67 748 881 800; baseline -0.004 -10"><span class='ocrx_word' id='word_1_71' title='bbox 67 751 155 800; x_wconf 89' lang='lat' dir='ltr'><strong>scripta</strong></span> <span class='ocrx_word' id='word_1_72' title='bbox 170 750 301 798; x_wconf 89' lang='lat' dir='ltr'><strong>ediderunt,</strong></span> <span class='ocrx_word' id='word_1_73' title='bbox 320 749 376 799; x_wconf 93' lang='lat' dir='ltr'><strong>quin</strong></span> <span class='ocrx_word' id='word_1_74' title='bbox 393 750 471 788; x_wconf 90' lang='lat' dir='ltr'><strong>tamen</strong></span> <span class='ocrx_word' id='word_1_75' title='bbox 485 748 562 788; x_wconf 88' lang='lat' dir='ltr'><strong>onmia</strong></span> <span class='ocrx_word' id='word_1_76' title='bbox 577 748 724 788; x_wconf 80' lang='lat' dir='ltr'><strong>conscribere</strong></span> <span class='ocrx_word' id='word_1_77' title='bbox 737 750 829 796; x_wconf 88' lang='lat' dir='ltr'><strong>vellent,</strong></span> <span class='ocrx_word' id='word_1_78' title='bbox 875 765 881 798; x_wconf 73' lang='lat' dir='ltr'>i</span> 
     </span>
     <span class='ocr_line' id='line_1_12' title="bbox 68 802 882 854; baseline -0.004 -12"><span class='ocrx_word' id='word_1_79' title='bbox 68 815 128 853; x_wconf 94' lang='lat' dir='ltr'><strong>quae</strong></span> <span class='ocrx_word' id='word_1_80' title='bbox 143 802 188 853; x_wconf 89' lang='lat' dir='ltr'><strong>ipsi</strong></span> <span class='ocrx_word' id='word_1_81' title='bbox 202 805 269 842; x_wconf 89' lang='lat' dir='ltr'><strong>erant</strong></span> <span class='ocrx_word' id='word_1_82' title='bbox 282 803 364 842; x_wconf 90' lang='lat' dir='ltr'><strong>edocti.</strong></span> <span class='ocrx_word' id='word_1_83' title='bbox 378 803 407 841; x_wconf 87' lang='lat' dir='ltr'><strong>Ut</strong></span> <span class='ocrx_word' id='word_1_84' title='bbox 421 802 481 847; x_wconf 87' lang='lat' dir='ltr'><strong>enim</strong></span> <span class='ocrx_word' id='word_1_85' title='bbox 495 802 566 841; x_wconf 90' lang='lat' dir='ltr'><strong>statui</strong></span> <span class='ocrx_word' id='word_1_86' title='bbox 575 804 663 852; x_wconf 91' lang='lat' dir='ltr'><strong>posset,</strong></span> <span class='ocrx_word' id='word_1_87' title='bbox 677 814 759 842; x_wconf 89' lang='lat' dir='ltr'><strong>sacros</strong></span> <span class='ocrx_word' id='word_1_88' title='bbox 769 803 794 841; x_wconf 87' lang='grc' dir='ltr'><strong>Ν.</strong></span> <span class='ocrx_word' id='word_1_89' title='bbox 804 803 830 840; x_wconf 91' lang='grc' dir='ltr'><strong>Τ.</strong></span> <span class='ocrx_word' id='word_1_90' title='bbox 877 805 882 854; x_wconf 60' lang='grc' dir='ltr'>ξ</span> 
     </span>
     <span class='ocr_line' id='line_1_13' title="bbox 68 855 881 905; baseline 0 -11"><span class='ocrx_word' id='word_1_91' title='bbox 68 859 176 895; x_wconf 82' lang='lat' dir='ltr'><strong>auctores</strong></span> <span class='ocrx_word' id='word_1_92' title='bbox 198 855 313 905; x_wconf 86' lang='lat' dir='ltr'><strong>integram</strong></span> <span class='ocrx_word' id='word_1_93' title='bbox 335 856 393 895; x_wconf 84' lang='lat' dir='ltr'><strong>desn</strong></span> <span class='ocrx_word' id='word_1_94' title='bbox 415 855 501 894; x_wconf 74' lang='lat' dir='ltr'><strong>Christi</strong></span> <span class='ocrx_word' id='word_1_95' title='bbox 523 855 651 893; x_wconf 88' lang='lat' dir='ltr'><strong>doctrinam</strong></span> <span class='ocrx_word' id='word_1_96' title='bbox 667 856 755 894; x_wconf 87' lang='lat' dir='ltr'><strong>litteris</strong></span> <span class='ocrx_word' id='word_1_97' title='bbox 777 867 831 894; x_wconf 88' lang='lat' dir='ltr'><strong>con·</strong></span> <span class='ocrx_word' id='word_1_98' title='bbox 876 863 881 905; x_wconf 36' lang='grc' dir='ltr'><strong>ἐξ</strong></span> 
     </span>
     <span class='ocr_line' id='line_1_14' title="bbox 55 908 881 958; baseline -0.004 -10"><span class='ocrx_word' id='word_1_99' title='bbox 55 909 163 957; x_wconf 64' lang='lat' dir='ltr'><strong>&gt;signare</strong></span> <span class='ocrx_word' id='word_1_100' title='bbox 180 909 296 956; x_wconf 92' lang='lat' dir='ltr'><strong>voluisse,</strong></span> <span class='ocrx_word' id='word_1_101' title='bbox 317 908 399 947; x_wconf 92' lang='lat' dir='ltr'><strong>merito</strong></span> <span class='ocrx_word' id='word_1_102' title='bbox 416 908 574 957; x_wconf 86' lang='lat' dir='ltr'><strong>postularetur</strong></span> <span class='ocrx_word' id='word_1_103' title='bbox 592 908 629 945; x_wconf 93' lang='lat' dir='ltr'><strong>vel</strong></span> <span class='ocrx_word' id='word_1_104' title='bbox 648 909 775 958; x_wconf 84' lang='lat' dir='ltr'><strong>exemplum</strong></span> <span class='ocrx_word' id='word_1_105' title='bbox 794 908 831 945; x_wconf 88' lang='lat' dir='ltr'><strong>vel</strong></span> <span class='ocrx_word' id='word_1_106' title='bbox 876 911 881 958; x_wconf 54' lang='lat' dir='ltr'><strong>j,</strong></span> 
     </span>
     <span class='ocr_line' id='line_1_15' title="bbox 67 960 882 1011; baseline -0.001 -12"><span class='ocrx_word' id='word_1_107' title='bbox 67 963 216 1011; x_wconf 85' lang='lat' dir='ltr'><strong>praeceptum</strong></span> <span class='ocrx_word' id='word_1_108' title='bbox 233 961 324 999; x_wconf 80' lang='lat' dir='ltr'><strong>Domini</strong></span> <span class='ocrx_word' id='word_1_109' title='bbox 341 960 459 1010; x_wconf 91' lang='lat' dir='ltr'><strong>Apostolis</strong></span> <span class='ocrx_word' id='word_1_110' title='bbox 477 961 538 998; x_wconf 87' lang='lat' dir='ltr'><strong>hunc</strong></span> <span class='ocrx_word' id='word_1_111' title='bbox 556 960 580 998; x_wconf 91' lang='lat' dir='ltr'><strong>in</strong></span> <span class='ocrx_word' id='word_1_112' title='bbox 598 960 666 998; x_wconf 85' lang='lat' dir='ltr'><strong>linem</strong></span> <span class='ocrx_word' id='word_1_113' title='bbox 684 961 775 1007; x_wconf 87' lang='lat' dir='ltr'><strong>datum,</strong></span> <span class='ocrx_word' id='word_1_114' title='bbox 794 961 830 998; x_wconf 87' lang='lat' dir='ltr'><strong>vel</strong></span> <span class='ocrx_word' id='word_1_115' title='bbox 876 960 882 1008; x_wconf 49' lang='grc' dir='ltr'>ξ</span> 
     </span>
     <span class='ocr_line' id='line_1_16' title="bbox 68 1012 831 1066; baseline -0.001 -15"><span class='ocrx_word' id='word_1_116' title='bbox 68 1014 152 1066; x_wconf 90' lang='lat' dir='ltr'><strong>saltem</strong></span> <span class='ocrx_word' id='word_1_117' title='bbox 165 1013 212 1051; x_wconf 89' lang='lat' dir='ltr'><strong>tale</strong></span> <span class='ocrx_word' id='word_1_118' title='bbox 226 1015 394 1061; x_wconf 83' lang='lat' dir='ltr'><strong>argumentum,</strong></span> <span class='ocrx_word' id='word_1_119' title='bbox 409 1024 484 1065; x_wconf 86' lang='lat' dir='ltr'><strong>equo,</strong></span> <span class='ocrx_word' id='word_1_120' title='bbox 499 1012 555 1050; x_wconf 93' lang='lat' dir='ltr'><strong>illud</strong></span> <span class='ocrx_word' id='word_1_121' title='bbox 570 1024 596 1050; x_wconf 82' lang='lat' dir='ltr'><strong>ex</strong></span> <span class='ocrx_word' id='word_1_122' title='bbox 605 1013 767 1061; x_wconf 75' lang='lat' dir='ltr'><strong>Apostolorum</strong></span> <span class='ocrx_word' id='word_1_123' title='bbox 777 1023 831 1050; x_wconf 83' lang='lat' dir='ltr'><strong>con-</strong></span> 
     </span>
     <span class='ocr_line' id='line_1_17' title="bbox 68 1064 831 1114; baseline -0.001 -11"><span class='ocrx_word' id='word_1_124' title='bbox 68 1064 195 1114; x_wconf 83' lang='lat' dir='ltr'><strong>spiratione</strong></span> <span class='ocrx_word' id='word_1_125' title='bbox 210 1076 262 1103; x_wconf 90' lang='lat' dir='ltr'><strong>esse</strong></span> <span class='ocrx_word' id='word_1_126' title='bbox 276 1066 376 1112; x_wconf 79' lang='lat' dir='ltr'><strong>sactum,</strong></span> <span class='ocrx_word' id='word_1_127' title='bbox 396 1066 458 1102; x_wconf 87' lang='lat' dir='ltr'><strong>certo</strong></span> <span class='ocrx_word' id='word_1_128' title='bbox 478 1064 628 1102; x_wconf 87' lang='lat' dir='ltr'><strong>evinceretur.</strong></span> <span class='ocrx_word' id='word_1_129' title='bbox 648 1064 734 1102; x_wconf 89' lang='lat' dir='ltr'><strong>Verum</strong></span> <span class='ocrx_word' id='word_1_130' title='bbox 753 1075 831 1113; x_wconf 89' lang='lat' dir='ltr'><strong>quern·</strong></span> 
     </span>
     <span class='ocr_line' id='line_1_18' title="bbox 68 1115 830 1165; baseline -0.001 -11"><span class='ocrx_word' id='word_1_131' title='bbox 68 1117 192 1154; x_wconf 89' lang='lat' dir='ltr'><strong>admodum</strong></span> <span class='ocrx_word' id='word_1_132' title='bbox 207 1117 314 1155; x_wconf 79' lang='lat' dir='ltr'><strong>Christus</strong></span> <span class='ocrx_word' id='word_1_133' title='bbox 328 1117 378 1165; x_wconf 93' lang='lat' dir='ltr'><strong>ipse</strong></span> <span class='ocrx_word' id='word_1_134' title='bbox 392 1116 449 1154; x_wconf 92' lang='lat' dir='ltr'><strong>nihil</strong></span> <span class='ocrx_word' id='word_1_135' title='bbox 463 1115 550 1164; x_wconf 89' lang='lat' dir='ltr'><strong>scripto</strong></span> <span class='ocrx_word' id='word_1_136' title='bbox 568 1116 672 1164; x_wconf 88' lang='lat' dir='ltr'><strong>reliquit,</strong></span> <span class='ocrx_word' id='word_1_137' title='bbox 691 1117 724 1154; x_wconf 83' lang='lat' dir='ltr'><strong>ita</strong></span> <span class='ocrx_word' id='word_1_138' title='bbox 742 1118 764 1154; x_wconf 89' lang='lat' dir='ltr'><strong>et</strong></span> <span class='ocrx_word' id='word_1_139' title='bbox 779 1116 830 1153; x_wconf 91' lang='lat' dir='ltr'><strong>coll.</strong></span> 
     </span>
     <span class='ocr_line' id='line_1_19' title="bbox 68 1167 880 1217; baseline -0.001 -12"><span class='ocrx_word' id='word_1_140' title='bbox 68 1171 89 1216; x_wconf 70' lang='lat'><strong>§-</strong></span> <span class='ocrx_word' id='word_1_141' title='bbox 103 1179 180 1216; x_wconf 87' lang='lat' dir='ltr'><strong>pracc.</strong></span> <span class='ocrx_word' id='word_1_142' title='bbox 195 1168 319 1217; x_wconf 87' lang='lat' dir='ltr'><strong>Apostolos</strong></span> <span class='ocrx_word' id='word_1_143' title='bbox 334 1168 418 1215; x_wconf 76' lang='lat' dir='ltr'><strong>Jnssos</strong></span> <span class='ocrx_word' id='word_1_144' title='bbox 437 1178 490 1205; x_wconf 90' lang='lat' dir='ltr'><strong>esse</strong></span> <span class='ocrx_word' id='word_1_145' title='bbox 509 1167 667 1214; x_wconf 73' lang='lat' dir='ltr'><strong>conscribere,</strong></span> <span class='ocrx_word' id='word_1_146' title='bbox 687 1179 747 1216; x_wconf 84' lang='lat' dir='ltr'><strong>quae</strong></span> <span class='ocrx_word' id='word_1_147' title='bbox 765 1169 832 1205; x_wconf 88' lang='lat' dir='ltr'><strong>erant</strong></span> <span class='ocrx_word' id='word_1_148' title='bbox 877 1204 880 1216; x_wconf 83' lang='lat'><em>.</em></span> 
     </span>
     <span class='ocr_line' id='line_1_20' title="bbox 69 1219 881 1268; baseline -0.001 -10"><span class='ocrx_word' id='word_1_149' title='bbox 69 1219 152 1266; x_wconf 88' lang='lat' dir='ltr'><strong>edocti,</strong></span> <span class='ocrx_word' id='word_1_150' title='bbox 166 1219 247 1257; x_wconf 88' lang='lat' dir='ltr'><strong>nullibi</strong></span> <span class='ocrx_word' id='word_1_151' title='bbox 261 1220 367 1268; x_wconf 82' lang='lat' dir='ltr'><strong>legimus.</strong></span> <span class='ocrx_word' id='word_1_152' title='bbox 387 1220 465 1267; x_wconf 86' lang='lat' dir='ltr'><strong>Neque</strong></span> <span class='ocrx_word' id='word_1_153' title='bbox 482 1220 607 1267; x_wconf 77' lang='lat' dir='ltr'><strong>Apostolos</strong></span> <span class='ocrx_word' id='word_1_154' title='bbox 626 1219 656 1256; x_wconf 91' lang='lat' dir='ltr'><strong>ad</strong></span> <span class='ocrx_word' id='word_1_155' title='bbox 674 1220 742 1257; x_wconf 88' lang='lat' dir='ltr'><strong>iinern</strong></span> <span class='ocrx_word' id='word_1_156' title='bbox 762 1220 831 1257; x_wconf 87' lang='lat' dir='ltr'><strong>istum</strong></span> <span class='ocrx_word' id='word_1_157' title='bbox 877 1221 881 1265; x_wconf 65' lang='grc' dir='ltr'>ξ</span> 
     </span>
     <span class='ocr_line' id='line_1_21' title="bbox 69 1270 882 1321; baseline 0.004 -13"><span class='ocrx_word' id='word_1_158' title='bbox 69 1271 241 1319; x_wconf 86' lang='lat' dir='ltr'><strong>assequendum</strong></span> <span class='ocrx_word' id='word_1_159' title='bbox 255 1271 411 1321; x_wconf 84' lang='lat' dir='ltr'><strong>conspirasse,</strong></span> <span class='ocrx_word' id='word_1_160' title='bbox 426 1270 580 1308; x_wconf 88' lang='lat' dir='ltr'><strong>demonstrari</strong></span> <span class='ocrx_word' id='word_1_161' title='bbox 589 1273 676 1319; x_wconf 80' lang='lat' dir='ltr'><strong>potest3</strong></span> <span class='ocrx_word' id='word_1_162' title='bbox 690 1271 832 1309; x_wconf 88' lang='lat' dir='ltr'><strong>contrarium</strong></span> <span class='ocrx_word' id='word_1_163' title='bbox 878 1291 882 1311; x_wconf 58' lang='grc' dir='ltr'>ι</span> 
     </span>
     <span class='ocr_line' id='line_1_22' title="bbox 69 1322 883 1378; baseline 0 -18"><span class='ocrx_word' id='word_1_164' title='bbox 69 1323 146 1373; x_wconf 91' lang='lat' dir='ltr'><strong>potius</strong></span> <span class='ocrx_word' id='word_1_165' title='bbox 161 1322 274 1361; x_wconf 86' lang='lat' dir='ltr'><strong>evincitur</strong></span> <span class='ocrx_word' id='word_1_166' title='bbox 288 1334 315 1361; x_wconf 82' lang='lat' dir='ltr'><strong>ex</strong></span> <span class='ocrx_word' id='word_1_167' title='bbox 329 1323 452 1361; x_wconf 88' lang='lat' dir='ltr'><strong>occasione</strong></span> <span class='ocrx_word' id='word_1_168' title='bbox 469 1324 492 1360; x_wconf 91' lang='lat' dir='ltr'><strong>et</strong></span> <span class='ocrx_word' id='word_1_169' title='bbox 508 1333 592 1371; x_wconf 90' lang='lat' dir='ltr'><strong>scopo,</strong></span> <span class='ocrx_word' id='word_1_170' title='bbox 611 1334 638 1360; x_wconf 83' lang='lat' dir='ltr'><strong>ex</strong></span> <span class='ocrx_word' id='word_1_171' title='bbox 656 1326 791 1372; x_wconf 86' lang='lat' dir='ltr'><strong>argumento</strong></span> <span class='ocrx_word' id='word_1_172' title='bbox 811 1324 833 1360; x_wconf 87' lang='lat' dir='ltr'><strong>et</strong></span> <span class='ocrx_word' id='word_1_173' title='bbox 880 1336 883 1378; x_wconf 26' lang='grc' dir='ltr'>ὲ</span> 
     </span>
     <span class='ocr_line' id='line_1_23' title="bbox 69 1374 833 1426; baseline -0.001 -11"><span class='ocrx_word' id='word_1_174' title='bbox 69 1374 175 1415; x_wconf 87' lang='lat' dir='ltr'><strong>effatis&#39;</strong></span> <span class='ocrx_word' id='word_1_175' title='bbox 168 1387 272 1425; x_wconf 81' lang='lat' dir='ltr'><strong>ipsorum</strong></span> <span class='ocrx_word' id='word_1_176' title='bbox 290 1375 315 1421; x_wconf 87' lang='grc' dir='ltr'><strong>Ν.</strong></span> <span class='ocrx_word' id='word_1_177' title='bbox 334 1376 359 1415; x_wconf 95' lang='grc' dir='ltr'><strong>Τ.</strong></span> <span class='ocrx_word' id='word_1_178' title='bbox 378 1375 501 1423; x_wconf 89' lang='lat' dir='ltr'><strong>librorum,</strong></span> <span class='ocrx_word' id='word_1_179' title='bbox 522 1386 565 1414; x_wconf 91' lang='lat' dir='ltr'><strong>uec</strong></span> <span class='ocrx_word' id='word_1_180' title='bbox 585 1386 631 1414; x_wconf 90' lang='lat' dir='ltr'><strong>non</strong></span> <span class='ocrx_word' id='word_1_181' title='bbox 650 1386 662 1413; x_wconf 93' lang='lat' dir='ltr'><strong>e</strong></span> <span class='ocrx_word' id='word_1_182' title='bbox 681 1375 833 1426; x_wconf 86' lang='lat' dir='ltr'><strong>persuasione</strong></span> 
     </span>
     <span class='ocr_line' id='line_1_24' title="bbox 69 1428 499 1479; baseline -0.005 -10"><span class='ocrx_word' id='word_1_183' title='bbox 69 1428 172 1469; x_wconf 89' lang='lat' dir='ltr'><strong>omnium</strong></span> <span class='ocrx_word' id='word_1_184' title='bbox 186 1429 298 1469; x_wconf 86' lang='lat' dir='ltr'><strong>ecclesiae</strong></span> <span class='ocrx_word' id='word_1_185' title='bbox 312 1429 415 1469; x_wconf 85' lang='lat' dir='ltr'><strong>Patrum.</strong></span> <span class='ocrx_word' id='word_1_186' title='bbox 432 1429 499 1479; x_wconf 71' lang='lat' dir='ltr'><strong>Quod</strong></span> 
     </span>
    </p>

    <p class='ocr_par' dir='ltr' id='par_1_10' title="bbox 37 1457 883 2370">
     <span class='ocr_line' id='line_1_25' title="bbox 123 1457 881 1539; baseline 0.001 -19"><span class='ocrx_word' id='word_1_187' title='bbox 123 1486 146 1529; x_wconf 82' lang='lat' dir='ltr'><strong>c)</strong></span> <span class='ocrx_word' id='word_1_188' title='bbox 161 1483 308 1523; x_wconf 89' lang='lat' dir='ltr'><strong>occasionem</strong></span> <span class='ocrx_word' id='word_1_189' title='bbox 322 1485 345 1522; x_wconf 93' lang='lat' dir='ltr'><strong>et</strong></span> <span class='ocrx_word' id='word_1_190' title='bbox 359 1494 455 1539; x_wconf 90' lang='lat' dir='ltr'><strong>scopum</strong></span> <span class='ocrx_word' id='word_1_191' title='bbox 469 1481 615 1521; x_wconf 89' lang='lat' dir='ltr'><strong>librorunrN</strong></span> <span class='ocrx_word' id='word_1_192' title='bbox 624 1481 649 1520; x_wconf 88' lang='lat' dir='ltr'><strong>T.</strong></span> <span class='ocrx_word' id='word_1_193' title='bbox 659 1457 747 1530; x_wconf 89' lang='lat' dir='ltr'><strong>attinet,</strong></span> <span class='ocrx_word' id='word_1_194' title='bbox 762 1483 833 1521; x_wconf 87' lang='lat' dir='ltr'><strong>hosce</strong></span> <span class='ocrx_word' id='word_1_195' title='bbox 879 1501 881 1531; x_wconf 52' lang='grc' dir='ltr'>ῑ</span> 
     </span>
     <span class='ocr_line' id='line_1_26' title="bbox 70 1534 882 1586; baseline 0 -12"><span class='ocrx_word' id='word_1_196' title='bbox 70 1535 226 1586; x_wconf 89' lang='lat' dir='ltr'><strong>peculiaribus</strong></span> <span class='ocrx_word' id='word_1_197' title='bbox 245 1536 366 1584; x_wconf 89' lang='lat' dir='ltr'><strong>adjunctis</strong></span> <span class='ocrx_word' id='word_1_198' title='bbox 380 1536 417 1574; x_wconf 87' lang='lat' dir='ltr'><strong>et</strong></span> <span class='ocrx_word' id='word_1_199' title='bbox 422 1534 554 1584; x_wconf 79' lang='lat' dir='ltr'><strong>indigentiis</strong></span> <span class='ocrx_word' id='word_1_200' title='bbox 571 1536 608 1574; x_wconf 92' lang='lat' dir='ltr'><strong>vel</strong></span> <span class='ocrx_word' id='word_1_201' title='bbox 626 1535 768 1585; x_wconf 86' lang='lat' dir='ltr'><strong>integrorum</strong></span> <span class='ocrx_word' id='word_1_202' title='bbox 783 1547 836 1582; x_wconf 7' lang='lat' dir='ltr'><strong>coe-g</strong></span> <span class='ocrx_word' id='word_1_203' title='bbox 879 1536 882 1572; x_wconf 79' lang='grc' dir='ltr'>ἶ</span> 
     </span>
     <span class='ocr_line' id='line_1_27' title="bbox 69 1588 882 1640; baseline 0 -14"><span class='ocrx_word' id='word_1_204' title='bbox 69 1591 147 1635; x_wconf 91' lang='lat' dir='ltr'><strong>tuum,</strong></span> <span class='ocrx_word' id='word_1_205' title='bbox 164 1589 202 1626; x_wconf 94' lang='lat' dir='ltr'><strong>vel</strong></span> <span class='ocrx_word' id='word_1_206' title='bbox 220 1589 366 1637; x_wconf 83' lang='lat' dir='ltr'><strong>singularum</strong></span> <span class='ocrx_word' id='word_1_207' title='bbox 383 1599 536 1637; x_wconf 91' lang='lat' dir='ltr'><strong>personarum</strong></span> <span class='ocrx_word' id='word_1_208' title='bbox 554 1590 629 1626; x_wconf 92' lang='lat' dir='ltr'><strong>ortum</strong></span> <span class='ocrx_word' id='word_1_209' title='bbox 649 1588 744 1636; x_wconf 91' lang='lat' dir='ltr'><strong>debere,</strong></span> <span class='ocrx_word' id='word_1_210' title='bbox 763 1588 851 1631; x_wconf 43' lang='lat' dir='ltr'><strong>nemis</strong></span> <span class='ocrx_word' id='word_1_211' title='bbox 880 1591 882 1640; x_wconf 62' lang='grc' dir='ltr'>ζ</span> 
     </span>
     <span class='ocr_line' id='line_1_28' title="bbox 71 1639 882 1689; baseline -0.002 -10"><span class='ocrx_word' id='word_1_212' title='bbox 71 1651 132 1687; x_wconf 90' lang='lat' dir='ltr'><strong>nem,</strong></span> <span class='ocrx_word' id='word_1_213' title='bbox 147 1639 187 1688; x_wconf 91' lang='lat' dir='ltr'><strong>qui</strong></span> <span class='ocrx_word' id='word_1_214' title='bbox 200 1641 238 1678; x_wconf 85' lang='lat' dir='ltr'><strong>vel</strong></span> <span class='ocrx_word' id='word_1_215' title='bbox 252 1641 326 1679; x_wconf 88' lang='lat' dir='ltr'><strong>obiter</strong></span> <span class='ocrx_word' id='word_1_216' title='bbox 340 1651 433 1679; x_wconf 89' lang='lat' dir='ltr'><strong>sacrum</strong></span> <span class='ocrx_word' id='word_1_217' title='bbox 447 1640 472 1677; x_wconf 85' lang='lat' dir='ltr'><strong>N.</strong></span> <span class='ocrx_word' id='word_1_218' title='bbox 484 1640 510 1677; x_wconf 92' lang='lat' dir='ltr'><strong>T.</strong></span> <span class='ocrx_word' id='word_1_219' title='bbox 524 1640 626 1678; x_wconf 85' lang='lat' dir='ltr'><strong>codicem</strong></span> <span class='ocrx_word' id='word_1_220' title='bbox 640 1641 787 1689; x_wconf 86' lang='lat' dir='ltr'><strong>pervolverit,</strong></span> <span class='ocrx_word' id='word_1_221' title='bbox 801 1641 834 1678; x_wconf 59' lang='lat' dir='ltr'><strong>las</strong></span> <span class='ocrx_word' id='word_1_222' title='bbox 880 1678 882 1687; x_wconf 22' lang='grc' dir='ltr'><em>ζ</em></span> 
     </span>
     <span class='ocr_line' id='line_1_29' title="bbox 70 1691 883 1742; baseline -0.002 -12"><span class='ocrx_word' id='word_1_223' title='bbox 70 1694 120 1730; x_wconf 90' lang='lat' dir='ltr'><strong>tere</strong></span> <span class='ocrx_word' id='word_1_224' title='bbox 134 1691 225 1741; x_wconf 87' lang='lat' dir='ltr'><strong>poterit.</strong></span> <span class='ocrx_word' id='word_1_225' title='bbox 245 1693 286 1730; x_wconf 89' lang='lat' dir='ltr'><strong>Nisi</strong></span> <span class='ocrx_word' id='word_1_226' title='bbox 303 1705 322 1730; x_wconf 91' lang='lat' dir='ltr'><strong>v.</strong></span> <span class='ocrx_word' id='word_1_227' title='bbox 336 1705 355 1742; x_wconf 83' lang='lat' dir='ltr'><strong>g.</strong></span> <span class='ocrx_word' id='word_1_228' title='bbox 370 1693 420 1735; x_wconf 86' lang='lat' dir='ltr'><strong>inter</strong></span> <span class='ocrx_word' id='word_1_229' title='bbox 437 1692 589 1729; x_wconf 84' lang='lat' dir='ltr'><strong>Palaestinenses</strong></span> <span class='ocrx_word' id='word_1_230' title='bbox 607 1692 698 1738; x_wconf 86' lang='lat' dir='ltr'><strong>fuissent,</strong></span> <span class='ocrx_word' id='word_1_231' title='bbox 718 1694 750 1741; x_wconf 90' lang='lat' dir='ltr'><strong>qui</strong></span> <span class='ocrx_word' id='word_1_232' title='bbox 768 1693 833 1729; x_wconf 86' lang='lat' dir='ltr'><strong>lesum</strong></span> <span class='ocrx_word' id='word_1_233' title='bbox 881 1707 883 1716; x_wconf 68' lang='lat'>1</span> 
     </span>
     <span class='ocr_line' id='line_1_30' title="bbox 69 1743 882 1794; baseline 0 -12"><span class='ocrx_word' id='word_1_234' title='bbox 69 1744 159 1782; x_wconf 84' lang='lat' dir='ltr'><strong>Messian</strong></span> <span class='ocrx_word' id='word_1_235' title='bbox 174 1745 288 1793; x_wconf 85' lang='lat' dir='ltr'><strong>promissum</strong></span> <span class='ocrx_word' id='word_1_236' title='bbox 303 1756 348 1782; x_wconf 91' lang='lat' dir='ltr'><strong>esse</strong></span> <span class='ocrx_word' id='word_1_237' title='bbox 362 1748 466 1794; x_wconf 79' lang='lat' dir='ltr'><strong>negarent3</strong></span> <span class='ocrx_word' id='word_1_238' title='bbox 481 1745 517 1780; x_wconf 92' lang='lat' dir='ltr'><strong>nisi</strong></span> <span class='ocrx_word' id='word_1_239' title='bbox 531 1755 547 1781; x_wconf 87' lang='lat' dir='ltr'><strong>s.</strong></span> <span class='ocrx_word' id='word_1_240' title='bbox 561 1744 635 1781; x_wconf 88' lang='lat' dir='ltr'><strong>hlarcus</strong></span> <span class='ocrx_word' id='word_1_241' title='bbox 650 1755 660 1780; x_wconf 86' lang='lat' dir='ltr'><strong>a</strong></span> <span class='ocrx_word' id='word_1_242' title='bbox 673 1743 783 1781; x_wconf 83' lang='lat' dir='ltr'><strong>Christianis</strong></span> <span class='ocrx_word' id='word_1_243' title='bbox 793 1745 835 1782; x_wconf 83' lang='lat' dir='ltr'><strong>ltc-</strong></span> <span class='ocrx_word' id='word_1_244' title='bbox 880 1750 882 1770; x_wconf 78' lang='lat'>³</span> 
     </span>
     <span class='ocr_line' id='line_1_31' title="bbox 37 1794 882 1846; baseline -0.001 -13"><span class='ocrx_word' id='word_1_245' title='bbox 37 1817 38 1820; x_wconf 64' lang='lat'><em>=</em></span> <span class='ocrx_word' id='word_1_246' title='bbox 69 1797 130 1833; x_wconf 87' lang='lat' dir='ltr'><strong>manis</strong></span> <span class='ocrx_word' id='word_1_247' title='bbox 145 1799 198 1833; x_wconf 86' lang='lat' dir='ltr'><strong>esset</strong></span> <span class='ocrx_word' id='word_1_248' title='bbox 212 1801 303 1846; x_wconf 83' lang='lat' dir='ltr'><strong>rogatus3</strong></span> <span class='ocrx_word' id='word_1_249' title='bbox 317 1798 354 1834; x_wconf 89' lang='lat' dir='ltr'><strong>uisi</strong></span> <span class='ocrx_word' id='word_1_250' title='bbox 368 1798 387 1833; x_wconf 94' lang='lat' dir='ltr'><strong>iu</strong></span> <span class='ocrx_word' id='word_1_251' title='bbox 400 1796 448 1833; x_wconf 86' lang='lat' dir='ltr'><strong>Asia</strong></span> <span class='ocrx_word' id='word_1_252' title='bbox 461 1796 529 1833; x_wconf 90' lang='lat' dir='ltr'><strong>minori</strong></span> <span class='ocrx_word' id='word_1_253' title='bbox 544 1795 567 1832; x_wconf 92' lang='lat' dir='ltr'><strong>de</strong></span> <span class='ocrx_word' id='word_1_254' title='bbox 582 1796 644 1833; x_wconf 90' lang='lat' dir='ltr'><strong>divina</strong></span> <span class='ocrx_word' id='word_1_255' title='bbox 658 1795 705 1834; x_wconf 89' lang='lat' dir='ltr'><strong>Jesu</strong></span> <span class='ocrx_word' id='word_1_256' title='bbox 719 1796 788 1841; x_wconf 84' lang='lat' dir='ltr'><strong>Christi</strong></span> <span class='ocrx_word' id='word_1_257' title='bbox 799 1808 835 1833; x_wconf 90' lang='lat' dir='ltr'><strong>na-</strong></span> <span class='ocrx_word' id='word_1_258' title='bbox 881 1794 882 1798; x_wconf 72' lang='grc'>’</span> 
     </span>
     <span class='ocr_line' id='line_1_32' title="bbox 70 1847 882 1897; baseline 0 -12"><span class='ocrx_word' id='word_1_259' title='bbox 70 1853 112 1885; x_wconf 82' lang='lat' dir='ltr'><strong>tura</strong></span> <span class='ocrx_word' id='word_1_260' title='bbox 131 1847 188 1885; x_wconf 87' lang='lat' dir='ltr'><strong>dubia</strong></span> <span class='ocrx_word' id='word_1_261' title='bbox 206 1853 272 1886; x_wconf 89' lang='lat' dir='ltr'><strong>essent</strong></span> <span class='ocrx_word' id='word_1_262' title='bbox 291 1853 371 1886; x_wconf 84' lang='lat' dir='ltr'><strong>exorta:</strong></span> <span class='ocrx_word' id='word_1_263' title='bbox 388 1848 512 1897; x_wconf 81' lang='lat' dir='ltr'><strong>Evangelium</strong></span> <span class='ocrx_word' id='word_1_264' title='bbox 532 1859 547 1885; x_wconf 91' lang='lat' dir='ltr'><strong>s.</strong></span> <span class='ocrx_word' id='word_1_265' title='bbox 561 1847 698 1893; x_wconf 73' lang='lat' dir='ltr'><strong>Matthaei,‚s.</strong></span> <span class='ocrx_word' id='word_1_266' title='bbox 712 1848 772 1885; x_wconf 82' lang='lat' dir='ltr'><strong>lilarci</strong></span> <span class='ocrx_word' id='word_1_267' title='bbox 786 1853 805 1885; x_wconf 86' lang='lat' dir='ltr'><strong>cl</strong></span> <span class='ocrx_word' id='word_1_268' title='bbox 819 1859 835 1885; x_wconf 81' lang='grc'><strong>5.</strong></span> <span class='ocrx_word' id='word_1_269' title='bbox 880 1860 882 1893; x_wconf 71' lang='lat'>3</span> 
     </span>
     <span class='ocr_line' id='line_1_33' title="bbox 70 1899 834 1948; baseline -0.002 -11"><span class='ocrx_word' id='word_1_270' title='bbox 70 1900 149 1937; x_wconf 81' lang='lat' dir='ltr'><strong>loannis</strong></span> <span class='ocrx_word' id='word_1_271' title='bbox 168 1899 209 1937; x_wconf 87' lang='lat' dir='ltr'><strong>fors</strong></span> <span class='ocrx_word' id='word_1_272' title='bbox 227 1911 323 1948; x_wconf 88' lang='lat' dir='ltr'><strong>nunqnam</strong></span> <span class='ocrx_word' id='word_1_273' title='bbox 342 1904 395 1937; x_wconf 88' lang='lat' dir='ltr'><strong>esset</strong></span> <span class='ocrx_word' id='word_1_274' title='bbox 413 1901 548 1948; x_wconf 82' lang='lat' dir='ltr'><strong>couscriptum.</strong></span> <span class='ocrx_word' id='word_1_275' title='bbox 573 1899 625 1936; x_wconf 88' lang='lat' dir='ltr'><strong>idern</strong></span> <span class='ocrx_word' id='word_1_276' title='bbox 644 1899 695 1937; x_wconf 88' lang='lat' dir='ltr'><strong>valet</strong></span> <span class='ocrx_word' id='word_1_277' title='bbox 713 1900 737 1937; x_wconf 87' lang='lat' dir='ltr'><strong>de</strong></span> <span class='ocrx_word' id='word_1_278' title='bbox 756 1900 834 1947; x_wconf 86' lang='lat' dir='ltr'><strong>reliquis</strong></span> 
     </span>
     <span class='ocr_line' id='line_1_34' title="bbox 70 1951 882 2000; baseline 0.001 -11"><span class='ocrx_word' id='word_1_279' title='bbox 70 1952 93 1989; x_wconf 87' lang='lat' dir='ltr'><strong>N.</strong></span> <span class='ocrx_word' id='word_1_280' title='bbox 108 1952 128 1989; x_wconf 84' lang='grc' dir='ltr'><strong>Τ.</strong></span> <span class='ocrx_word' id='word_1_281' title='bbox 143 1952 203 1988; x_wconf 83' lang='lat' dir='ltr'><strong>libris.</strong></span> <span class='ocrx_word' id='word_1_282' title='bbox 225 1952 303 1990; x_wconf 90' lang='lat' dir='ltr'><strong>Pront</strong></span> <span class='ocrx_word' id='word_1_283' title='bbox 315 1963 371 1990; x_wconf 88' lang='lat' dir='ltr'><strong>vero</strong></span> <span class='ocrx_word' id='word_1_284' title='bbox 386 1951 479 1989; x_wconf 87' lang='lat' dir='ltr'><strong>occasio</strong></span> <span class='ocrx_word' id='word_1_285' title='bbox 494 1953 545 1989; x_wconf 88' lang='lat' dir='ltr'><strong>erat</strong></span> <span class='ocrx_word' id='word_1_286' title='bbox 557 1951 637 1998; x_wconf 88' lang='lat' dir='ltr'><strong>varia,</strong></span> <span class='ocrx_word' id='word_1_287' title='bbox 655 1951 689 1989; x_wconf 88' lang='lat' dir='ltr'><strong>ita</strong></span> <span class='ocrx_word' id='word_1_288' title='bbox 701 1954 730 1990; x_wconf 71' lang='lat' dir='ltr'><strong>‘et</strong></span> <span class='ocrx_word' id='word_1_289' title='bbox 737 1963 835 2000; x_wconf 88' lang='lat' dir='ltr'><strong>scopus</strong></span> <span class='ocrx_word' id='word_1_290' title='bbox 880 1956 882 1996; x_wconf 76' lang='grc' dir='ltr'>ξ</span> 
     </span>
     <span class='ocr_line' id='line_1_35' title="bbox 72 1994 835 2054; baseline 0.001 -12"><span class='ocrx_word' id='word_1_291' title='bbox 72 2015 105 2042; x_wconf 93' lang='grc'><strong>55.</strong></span> <span class='ocrx_word' id='word_1_292' title='bbox 119 2003 230 2042; x_wconf 89' lang='lat' dir='ltr'><strong>librorum</strong></span> <span class='ocrx_word' id='word_1_293' title='bbox 245 2015 291 2043; x_wconf 92' lang='lat' dir='ltr'><strong>non</strong></span> <span class='ocrx_word' id='word_1_294' title='bbox 309 2006 400 2054; x_wconf 90' lang='lat' dir='ltr'><strong>poterat</strong></span> <span class='ocrx_word' id='word_1_295' title='bbox 418 2014 465 2042; x_wconf 94' lang='lat' dir='ltr'><strong>non</strong></span> <span class='ocrx_word' id='word_1_296' title='bbox 483 2014 536 2041; x_wconf 92' lang='lat' dir='ltr'><strong>esse</strong></span> <span class='ocrx_word' id='word_1_297' title='bbox 551 2004 670 2050; x_wconf 90' lang='lat' dir='ltr'><strong>diversus,</strong></span> <span class='ocrx_word' id='word_1_298' title='bbox 689 2003 722 2041; x_wconf 91' lang='lat' dir='ltr'><strong>ita</strong></span> <span class='ocrx_word' id='word_1_299' title='bbox 736 1994 835 2052; x_wconf 89' lang='lat' dir='ltr'><strong>quidem,</strong></span> 
     </span>
     <span class='ocr_line' id='line_1_36' title="bbox 72 2055 882 2109; baseline 0 -14"><span class='ocrx_word' id='word_1_300' title='bbox 72 2059 98 2096; x_wconf 91' lang='lat' dir='ltr'><strong>ut</strong></span> <span class='ocrx_word' id='word_1_301' title='bbox 113 2056 207 2106; x_wconf 88' lang='lat' dir='ltr'><strong>quilibet</strong></span> <span class='ocrx_word' id='word_1_302' title='bbox 221 2057 433 2109; x_wconf 80' lang='lat' dir='ltr'><strong>hagiographorum</strong></span> <span class='ocrx_word' id='word_1_303' title='bbox 451 2055 545 2096; x_wconf 92' lang='lat' dir='ltr'><strong>nonnisi</strong></span> <span class='ocrx_word' id='word_1_304' title='bbox 563 2057 653 2094; x_wconf 89' lang='lat' dir='ltr'><strong>tarrtnrn</strong></span> <span class='ocrx_word' id='word_1_305' title='bbox 671 2058 694 2095; x_wconf 90' lang='lat' dir='ltr'><strong>et</strong></span> <span class='ocrx_word' id='word_1_306' title='bbox 712 2056 768 2095; x_wconf 94' lang='lat' dir='ltr'><strong>illud</strong></span> <span class='ocrx_word' id='word_1_307' title='bbox 782 2068 835 2095; x_wconf 94' lang='lat' dir='ltr'><strong>con-</strong></span> <span class='ocrx_word' id='word_1_308' title='bbox 881 2073 882 2101; x_wconf 51' lang='lat' dir='ltr'>g</span> 
     </span>
     <span class='ocr_line' id='line_1_37' title="bbox 72 2108 883 2161; baseline -0.001 -11"><span class='ocrx_word' id='word_1_309' title='bbox 72 2110 196 2158; x_wconf 88' lang='lat' dir='ltr'><strong>scriberet,</strong></span> <span class='ocrx_word' id='word_1_310' title='bbox 215 2114 327 2161; x_wconf 90' lang='lat' dir='ltr'><strong>qnantum</strong></span> <span class='ocrx_word' id='word_1_311' title='bbox 346 2113 371 2150; x_wconf 92' lang='lat' dir='ltr'><strong>et</strong></span> <span class='ocrx_word' id='word_1_312' title='bbox 386 2111 448 2160; x_wconf 90' lang='lat' dir='ltr'><strong>qnod</strong></span> <span class='ocrx_word' id='word_1_313' title='bbox 462 2111 492 2149; x_wconf 93' lang='lat' dir='ltr'><strong>ob</strong></span> <span class='ocrx_word' id='word_1_314' title='bbox 506 2108 694 2150; x_wconf 83' lang='lat' dir='ltr'><strong>circumstantias</strong></span> <span class='ocrx_word' id='word_1_315' title='bbox 709 2110 791 2150; x_wconf 81' lang='lat' dir='ltr'><strong>obrias</strong></span> <span class='ocrx_word' id='word_1_316' title='bbox 806 2110 835 2149; x_wconf 93' lang='lat' dir='ltr'><strong>ad</strong></span> <span class='ocrx_word' id='word_1_317' title='bbox 882 2115 883 2120; x_wconf 77' lang='grc'>’</span> 
     </span>
     <span class='ocr_line' id='line_1_38' title="bbox 72 2162 882 2213; baseline 0 -10"><span class='ocrx_word' id='word_1_318' title='bbox 72 2174 170 2213; x_wconf 89' lang='lat' dir='ltr'><strong>scopum</strong></span> <span class='ocrx_word' id='word_1_319' title='bbox 183 2164 322 2212; x_wconf 92' lang='lat' dir='ltr'><strong>peculiarem</strong></span> <span class='ocrx_word' id='word_1_320' title='bbox 341 2164 512 2212; x_wconf 87' lang='lat' dir='ltr'><strong>assequendmn</strong></span> <span class='ocrx_word' id='word_1_321' title='bbox 530 2163 688 2203; x_wconf 91' lang='lat' dir='ltr'><strong>necessarium</strong></span> <span class='ocrx_word' id='word_1_322' title='bbox 707 2164 838 2205; x_wconf 66' lang='lat' dir='ltr'><strong>radebatur.</strong></span> <span class='ocrx_word' id='word_1_323' title='bbox 881 2162 882 2165; x_wconf 69' lang='grc'>’</span> 
     </span>
     <span class='ocr_line' id='line_1_39' title="bbox 72 2215 835 2267; baseline 0 -12"><span class='ocrx_word' id='word_1_324' title='bbox 72 2217 143 2255; x_wconf 89' lang='lat' dir='ltr'><strong>llisce</strong></span> <span class='ocrx_word' id='word_1_325' title='bbox 162 2217 232 2267; x_wconf 91' lang='lat' dir='ltr'><strong>probe</strong></span> <span class='ocrx_word' id='word_1_326' title='bbox 250 2217 371 2267; x_wconf 91' lang='lat' dir='ltr'><strong>perpensis</strong></span> <span class='ocrx_word' id='word_1_327' title='bbox 390 2217 418 2255; x_wconf 92' lang='lat' dir='ltr'><strong>de</strong></span> <span class='ocrx_word' id='word_1_328' title='bbox 437 2215 607 2264; x_wconf 89' lang='lat' dir='ltr'><strong>conspiratione</strong></span> <span class='ocrx_word' id='word_1_329' title='bbox 625 2216 650 2255; x_wconf 88' lang='lat' dir='ltr'><strong>N.</strong></span> <span class='ocrx_word' id='word_1_330' title='bbox 670 2217 695 2255; x_wconf 91' lang='grc' dir='ltr'><strong>Τ.</strong></span> <span class='ocrx_word' id='word_1_331' title='bbox 713 2219 835 2255; x_wconf 89' lang='lat' dir='ltr'><strong>auctorum</strong></span> 
     </span>
     <span class='ocr_line' id='line_1_40' title="bbox 73 2268 836 2316; baseline 0 -9"><span class='ocrx_word' id='word_1_332' title='bbox 73 2270 103 2307; x_wconf 90' lang='lat' dir='ltr'><strong>ad</strong></span> <span class='ocrx_word' id='word_1_333' title='bbox 117 2269 231 2316; x_wconf 83' lang='lat' dir='ltr'><strong>integram</strong></span> <span class='ocrx_word' id='word_1_334' title='bbox 244 2270 302 2308; x_wconf 62' lang='lat' dir='ltr'><strong>,lesu</strong></span> <span class='ocrx_word' id='word_1_335' title='bbox 315 2269 401 2308; x_wconf 74' lang='lat' dir='ltr'><strong>Christi</strong></span> <span class='ocrx_word' id='word_1_336' title='bbox 415 2268 544 2306; x_wconf 90' lang='lat' dir='ltr'><strong>doctrinam</strong></span> <span class='ocrx_word' id='word_1_337' title='bbox 559 2269 749 2314; x_wconf 87' lang='lat' dir='ltr'><strong>conscribendam</strong></span> <span class='ocrx_word' id='word_1_338' title='bbox 759 2280 836 2308; x_wconf 92' lang='lat' dir='ltr'><strong>sermo</strong></span> 
     </span>
     <span class='ocr_line' id='line_1_41' title="bbox 73 2320 493 2370; baseline -0.005 -11"><span class='ocrx_word' id='word_1_339' title='bbox 73 2332 126 2359; x_wconf 91' lang='lat' dir='ltr'><strong>esse</strong></span> <span class='ocrx_word' id='word_1_340' title='bbox 140 2320 226 2367; x_wconf 83' lang='lat' dir='ltr'><strong>nequit.</strong></span> <span class='ocrx_word' id='word_1_341' title='bbox 240 2321 296 2358; x_wconf 86' lang='lat' dir='ltr'><strong>Eam</strong></span> <span class='ocrx_word' id='word_1_342' title='bbox 309 2333 379 2370; x_wconf 89' lang='lat' dir='ltr'><strong>porro</strong></span> <span class='ocrx_word' id='word_1_343' title='bbox 394 2320 493 2358; x_wconf 85' lang='lat' dir='ltr'><strong>excludit</strong></span> 
     </span>
    </p>

    <p class='ocr_par' dir='ltr' id='par_1_11' title="bbox 74 2372 839 2628">
     <span class='ocr_line' id='line_1_42' title="bbox 126 2372 836 2419; baseline 0.001 -10"><span class='ocrx_word' id='word_1_344' title='bbox 126 2374 149 2417; x_wconf 78' lang='lat' dir='ltr'><strong>b)</strong></span> <span class='ocrx_word' id='word_1_345' title='bbox 163 2374 324 2419; x_wconf 81' lang='lat' dir='ltr'><strong>argumentum</strong></span> <span class='ocrx_word' id='word_1_346' title='bbox 337 2374 362 2411; x_wconf 89' lang='lat' dir='ltr'><strong>N.</strong></span> <span class='ocrx_word' id='word_1_347' title='bbox 377 2374 402 2411; x_wconf 94' lang='lat' dir='ltr'><strong>T.</strong></span> <span class='ocrx_word' id='word_1_348' title='bbox 417 2372 540 2419; x_wconf 82' lang='lat' dir='ltr'><strong>libr·30rnrn</strong></span> <span class='ocrx_word' id='word_1_349' title='bbox 555 2383 608 2410; x_wconf 89' lang='lat' dir='ltr'><strong>nam</strong></span> <span class='ocrx_word' id='word_1_350' title='bbox 623 2374 648 2409; x_wconf 92' lang='lat' dir='ltr'><strong>nt</strong></span> <span class='ocrx_word' id='word_1_351' title='bbox 662 2372 718 2410; x_wconf 91' lang='lat' dir='ltr'><strong>nihil</strong></span> <span class='ocrx_word' id='word_1_352' title='bbox 731 2372 836 2410; x_wconf 88' lang='lat' dir='ltr'><strong>dicannrs</strong></span> 
     </span>
     <span class='ocr_line' id='line_1_43' title="bbox 74 2423 837 2472; baseline 0.001 -12"><span class='ocrx_word' id='word_1_353' title='bbox 74 2424 102 2460; x_wconf 91' lang='lat' dir='ltr'><strong>de</strong></span> <span class='ocrx_word' id='word_1_354' title='bbox 116 2423 221 2472; x_wconf 89' lang='lat' dir='ltr'><strong>plnribns</strong></span> <span class='ocrx_word' id='word_1_355' title='bbox 237 2423 355 2470; x_wconf 89' lang='lat' dir='ltr'><strong>doctrinis,</strong></span> <span class='ocrx_word' id='word_1_356' title='bbox 370 2436 430 2471; x_wconf 88' lang='lat' dir='ltr'><strong>quae</strong></span> <span class='ocrx_word' id='word_1_357' title='bbox 440 2423 591 2461; x_wconf 89' lang='lat' dir='ltr'><strong>communiter</strong></span> <span class='ocrx_word' id='word_1_358' title='bbox 601 2427 766 2471; x_wconf 86' lang='lat' dir='ltr'><strong>agnoscuntur,</strong></span> <span class='ocrx_word' id='word_1_359' title='bbox 781 2424 837 2472; x_wconf 85' lang='lat' dir='ltr'><strong>qnin</strong></span> 
     </span>
     <span class='ocr_line' id='line_1_44' title="bbox 75 2474 837 2524; baseline 0.001 -13"><span class='ocrx_word' id='word_1_360' title='bbox 75 2474 98 2511; x_wconf 90' lang='lat' dir='ltr'><strong>in</strong></span> <span class='ocrx_word' id='word_1_361' title='bbox 112 2486 131 2512; x_wconf 87' lang='grc'><strong>5.</strong></span> <span class='ocrx_word' id='word_1_362' title='bbox 145 2474 267 2523; x_wconf 85' lang='lat' dir='ltr'><strong>Scriptura</strong></span> <span class='ocrx_word' id='word_1_363' title='bbox 282 2475 431 2523; x_wconf 85' lang='lat' dir='ltr'><strong>consignatae</strong></span> <span class='ocrx_word' id='word_1_364' title='bbox 445 2476 563 2524; x_wconf 87' lang='lat' dir='ltr'><strong>legantur,</strong></span> <span class='ocrx_word' id='word_1_365' title='bbox 577 2486 598 2512; x_wconf 91' lang='lat' dir='ltr'><strong>v.</strong></span> <span class='ocrx_word' id='word_1_366' title='bbox 613 2486 634 2522; x_wconf 86' lang='lat' dir='ltr'><strong>g.</strong></span> <span class='ocrx_word' id='word_1_367' title='bbox 649 2475 677 2512; x_wconf 86' lang='lat' dir='ltr'><strong>dc</strong></span> <span class='ocrx_word' id='word_1_368' title='bbox 692 2476 784 2513; x_wconf 83' lang='lat' dir='ltr'><strong>Canonc</strong></span> <span class='ocrx_word' id='word_1_369' title='bbox 804 2487 837 2512; x_wconf 90' lang='lat' dir='ltr'><strong>ss.</strong></span> 
     </span>
     <span class='ocr_line' id='line_1_45' title="bbox 74 2525 839 2576; baseline 0.004 -14"><span class='ocrx_word' id='word_1_370' title='bbox 74 2525 210 2572; x_wconf 85' lang='lat' dir='ltr'><strong>litterarum,</strong></span> <span class='ocrx_word' id='word_1_371' title='bbox 225 2527 253 2565; x_wconf 93' lang='lat' dir='ltr'><strong>dc</strong></span> <span class='ocrx_word' id='word_1_372' title='bbox 268 2526 465 2576; x_wconf 88' lang='lat' dir='ltr'><strong>paedobaptismo,</strong></span> <span class='ocrx_word' id='word_1_373' title='bbox 479 2527 507 2564; x_wconf 91' lang='lat' dir='ltr'><strong>de</strong></span> <span class='ocrx_word' id='word_1_374' title='bbox 521 2528 601 2564; x_wconf 86' lang='lat' dir='ltr'><strong>valore</strong></span> <span class='ocrx_word' id='word_1_375' title='bbox 616 2526 723 2575; x_wconf 87' lang='lat' dir='ltr'><strong>baptismi</strong></span> <span class='ocrx_word' id='word_1_376' title='bbox 738 2528 767 2565; x_wconf 89' lang='lat' dir='ltr'><strong>ab</strong></span> <span class='ocrx_word' id='word_1_377' title='bbox 784 2528 839 2564; x_wconf 89' lang='lat' dir='ltr'><strong>hae-</strong></span> 
     </span>
     <span class='ocr_line' id='line_1_46' title="bbox 74 2577 838 2628; baseline 0 -12"><span class='ocrx_word' id='word_1_378' title='bbox 74 2577 154 2616; x_wconf 87' lang='lat' dir='ltr'><strong>reticis</strong></span> <span class='ocrx_word' id='word_1_379' title='bbox 173 2579 250 2617; x_wconf 90' lang='lat' dir='ltr'><strong>collati</strong></span> <span class='ocrx_word' id='word_1_380' title='bbox 271 2581 326 2617; x_wconf 77' lang='lat' dir='ltr'><strong>etc:</strong></span> <span class='ocrx_word' id='word_1_381' title='bbox 347 2589 393 2617; x_wconf 94' lang='lat' dir='ltr'><strong>non</strong></span> <span class='ocrx_word' id='word_1_382' title='bbox 412 2578 494 2616; x_wconf 89' lang='lat' dir='ltr'><strong>desunt</strong></span> <span class='ocrx_word' id='word_1_383' title='bbox 512 2579 682 2628; x_wconf 86' lang='lat' dir='ltr'><strong>phaenomena,</strong></span> <span class='ocrx_word' id='word_1_384' title='bbox 704 2590 764 2628; x_wconf 89' lang='lat' dir='ltr'><strong>quae</strong></span> <span class='ocrx_word' id='word_1_385' title='bbox 785 2590 838 2617; x_wconf 86' lang='lat' dir='ltr'><strong>curn</strong></span> 
     </span>
    </p>
   </div>
   <div class='ocr_carea' id='block_1_10' title="bbox 78 2676 268 2684">
    <p class='ocr_par' dir='ltr' id='par_1_12' title="bbox 78 2676 268 2684">
     <span class='ocr_line' id='line_1_47' title="bbox 78 2676 268 2684; baseline 0.011 -3"><span class='ocrx_word' id='word_1_386' title='bbox 78 2676 268 2684; x_wconf 38' lang='lat' dir='ltr'><strong>p-——uq</strong></span> 
     </span>
    </p>
   </div>
   <div class='ocr_carea' id='block_1_11' title="bbox 97 2718 644 2764">
    <p class='ocr_par' dir='ltr' id='par_1_13' title="bbox 97 2718 644 2764">
     <span class='ocr_line' id='line_1_48' title="bbox 97 2718 644 2764; baseline 0.004 -14"><span class='ocrx_word' id='word_1_387' title='bbox 97 2720 115 2761; x_wconf 78' lang='lat' dir='ltr'><strong>l)</strong></span> <span class='ocrx_word' id='word_1_388' title='bbox 128 2718 161 2751; x_wconf 82' lang='lat' dir='ltr'><strong>Cl&#39;r.</strong></span> <span class='ocrx_word' id='word_1_389' title='bbox 173 2729 188 2750; x_wconf 87' lang='lat' dir='ltr'><strong>v.</strong></span> <span class='ocrx_word' id='word_1_390' title='bbox 199 2718 256 2760; x_wconf 69' lang='lat' dir='ltr'><strong>llrey&#39;s</strong></span> <span class='ocrx_word' id='word_1_391' title='bbox 268 2719 365 2762; x_wconf 79' lang='lat' dir='ltr'><strong>Apologctilr</strong></span> <span class='ocrx_word' id='word_1_392' title='bbox 378 2726 415 2752; x_wconf 62' lang='lat' dir='ltr'><strong>torn,</strong></span> <span class='ocrx_word' id='word_1_393' title='bbox 427 2720 442 2759; x_wconf 76' lang='lat' dir='ltr'><strong>a,</strong></span> <span class='ocrx_word' id='word_1_394' title='bbox 454 2722 471 2759; x_wconf 62' lang='grc' dir='ltr'><strong>ξ,</strong></span> <span class='ocrx_word' id='word_1_395' title='bbox 483 2720 508 2762; x_wconf 85' lang='lat' dir='ltr'><strong>li,</strong></span> <span class='ocrx_word' id='word_1_396' title='bbox 520 2720 586 2762; x_wconf 72' lang='lat' dir='ltr'><strong>pugili</strong></span> <span class='ocrx_word' id='word_1_397' title='bbox 599 2731 644 2764; x_wconf 83' lang='lat' dir='ltr'><strong>seqq.</strong></span> 
     </span>
    </p>
   </div>
   <div class='ocr_carea' id='block_1_12' title="bbox 0 0 901 2921">
    <p class='ocr_par' dir='ltr' id='par_1_14' title="bbox 0 0 901 2921">
     <span class='ocr_line' id='line_1_49' title="bbox 0 0 901 2921; baseline 0 0"><span class='ocrx_word' id='word_1_398' title='bbox 0 0 901 2921; x_wconf 95' lang='lat' dir='ltr'><strong> </strong></span> 
     </span>
    </p>
   </div>
  </div>
 </body>
</html>
