1787 2921
778 103 807 141 83

45 200 98 243 sicit.
121 199 209 239 Etenim
223 212 281 241 usus
296 201 404 251 loquendi
419 200 486 241 docet
501 200 601 251 quidem,
616 212 676 250 qnae
690 201 807 251 significa·

45 257 119 296 tiones
133 254 241 302 vocibus,
261 255 343 295 formis
360 258 383 295 et
401 256 508 294 termulis
523 255 546 294 in
561 267 586 294 se
601 256 712 304 spectatis
726 268 769 295 seu
782 256 807 294 in

45 319 128 359 genere
147 308 296 356 conveniant3
315 320 374 357 quas
392 320 448 347 vcro
467 309 599 358 cplnrihus
619 308 655 346 his
674 309 807 347 notionibus

45 372 86 412 per
99 371 169 398 voces
185 360 309 408 cujuslibet
323 362 368 399 loci
382 372 478 399 reversa
492 360 633 411 spectaverit
647 361 752 408 loquens,
766 360 808 398 mi·

45 413 105 452 nime
118 412 211 450 indicat.
226 414 293 460 Quod
307 415 332 450 ut
346 416 508 461 cognoscatur,
523 414 666 461 reliquarum
676 412 746 450 ctiam
755 423 807 449 ora-

44 464 113 503 tionis
128 464 228 512 partium
242 464 302 501 ratio
317 465 423 502 habenda
438 467 485 512 est;
499 476 553 503 uam
568 464 762 512 quemadmodum
774 465 807 500 lo-

45 526 117 564 quens
132 526 192 551 sana
206 516 281 552 mente
300 516 418 563 praeditus
437 516 535 563 singulis
555 516 668 553 orationis
683 526 741 562 suae
755 525 807 563 par-

45 567 106 604 tibus
121 566 213 603 nonnisi
227 576 278 602 cam
293 567 430 612 potestatem
444 567 535 611 tribuit,
550 578 596 613 qua
610 567 683 603 relate
697 566 728 603 ad
741 576 808 614 prae-

45 616 148 655 cedentia
164 619 185 652 ct
200 616 320 663 sequentia
335 618 422 663 aptum.
437 627 534 664 eumque
549 619 636 654 certum
651 628 725 664 neque
735 617 807 654 alium

45 679 139 708 sensum
153 667 262 706 fundant:
281 668 314 706 ita
332 667 383 706 vice
401 679 471 706 versa
490 668 616 717 interpres,
635 679 694 716 qnae
709 668 807 717 singulis

45 719 157 761 orationis
171 719 281 760 memhris
295 722 400 771 potestas
415 720 445 759 sit
455 719 609 770 subjicienda,
624 722 753 760 ccontextu
761 721 808 771 ple·

44 786 142 824 rumque
156 773 278 824 intelliget3
293 786 320 813 ea
334 774 441 814 videlicet
455 775 499 814 erit
512 775 622 822 tenenda,
638 786 697 824 quae
712 774 807 823 reliquis

45 827 157 866 orationis
171 828 277 877 partibus
291 829 423 877 respondet.
443 828 490 867 Pro
508 828 576 866 dictis
595 828 673 877 itaque
688 829 808 865 contextus

46 881 74 919 ab
89 881 213 928 interprete
227 880 365 930 respiciendi
379 881 508 920 necessitas
524 880 594 919 dubia
608 891 661 919 esse
675 880 761 928 nequit.

388 996 408 1042 ,a
426 993 462 1032 51.

345 1059 432 1089 contextus
444 1060 505 1090 divisio.

98 1136 202 1174 Contentus
217 1137 317 1175 dividitur:

98 1188 118 1226 1.
132 1189 230 1227 Ratione
244 1190 289 1228 loci
304 1200 346 1228 seu
360 1189 485 1229 distantiae
500 1201 587 1237 eorum,
602 1201 661 1238 quae
676 1189 808 1235 cohaerent,

44 1241 68 1280 in
82 1241 222 1291 proximum,
236 1244 384 1283 remotiorem
398 1255 427 1282 ac
440 1243 633 1291 remotissimum3
652 1242 771 1293 proximus
785 1241 809 1280 in

44 1295 150 1344 partibus
164 1296 233 1335 unius
248 1295 399 1346 ejusdemque
413 1297 591 1347 propositionis3
604 1296 715 1335 remotior
723 1295 747 1334 in
756 1306 809 1345 pro-

44 1347 198 1395 positionibus
213 1350 243 1387 ad
257 1350 353 1396 eandem
367 1349 496 1388 orationem
510 1349 689 1398 pertinentibus3
703 1348 808 1387 remotis-

45 1398 118 1437 simus
133 1399 156 1436 in
170 1400 228 1438 locis
242 1401 361 1449 parallelis
375 1403 452 1440 locum
466 1402 543 1439 habet.

100 1450 120 1487 2.
135 1451 250 1500 Respectu
264 1453 338 1499 modi,
353 1464 399 1501 quo
413 1453 526 1491 orationis
540 1453 620 1501 partes
635 1453 770 1498 cohaerent,
784 1450 809 1488 in

45 1502 152 1549 logicum,
167 1504 363 1552 psychologicum,
378 1505 514 1542 historicum
529 1507 551 1541 et
566 1504 673 1551 opticum.

99 1554 223 1591 contextus
237 1555 327 1602 logicus
341 1555 373 1592 ihi
387 1556 461 1602 adest,
475 1555 515 1592 uhi
529 1555 633 1592 membra
642 1553 808 1602 propositionis

45 1606 67 1642 ct
86 1603 198 1642 orationis
217 1605 250 1642 ita
269 1617 295 1643 se
314 1607 343 1643 ad
363 1607 460 1644 invicem
479 1607 577 1651 habent,
596 1607 622 1642 ut
641 1604 772 1651 subjectum
787 1605 809 1641 et

45 1655 216 1705 praedicatum,
231 1659 256 1694 ut
270 1669 343 1706 genus
359 1660 380 1696 et
395 1659 496 1706 species,
516 1659 541 1695 ut
555 1659 633 1706 partes
648 1659 670 1694 et
684 1658 769 1702 totum,
784 1657 809 1693 ut

45 1708 104 1747 ratio
119 1709 142 1746 et
156 1718 313 1759 consequens,
332 1712 357 1749 nt
374 1711 497 1761 responsio
516 1712 538 1750 et
552 1709 670 1761 quaestio,
688 1710 714 1747 ut
732 1720 808 1748 eorre-

45 1762 100 1810 lata,
115 1763 251 1802 coordinata
265 1765 302 1803 vel
316 1766 341 1802 ut
355 1765 469 1815 opposita.

97 1815 289 1865 Psychologicus
302 1829 374 1855 nexus
396 1818 518 1864 statuitur,
540 1817 579 1855 ubi
600 1816 762 1865 praecedentia
780 1827 809 1852 ac

46 1868 211 1955 {obsequentia
225 1868 248 1906 vi
262 1869 321 1918 legis
336 1870 368 1907 ita
383 1870 459 1908 dictae
473 1871 577 1908 idearum
592 1868 757 1906 associationis
771 1878 809 1904 co-

62 1921 148 1956 aer-ent.

97 1971 228 2009 llistoricus
248 1975 368 2010 contextus
382 1974 459 2011 locum
473 1974 543 2010 habet
561 1973 585 2009 in
603 1971 672 2008 factis
689 1969 808 2008 historicis

46 2022 189 2070 copulandis,
200 2025 281 2070 estque
289 2025 326 2061 vel
337 2025 523 2072 chronologicus,
534 2024 554 2061 si
564 2022 683 2070 temporis,
693 2022 731 2058 vcl
740 2032 809 2070 prag·

45 2074 151 2119 metiens,
166 2074 186 2111 si
202 2074 305 2113 internae
320 2075 485 2122 similitudinis,
499 2075 536 2112 vel
549 2074 649 2123 topicos,
664 2073 685 2111 si
694 2073 740 2111 loci
748 2073 809 2110 ratio

45 2123 159 2163 habeatnr
173 2124 196 2163 in
211 2126 257 2163 illis
272 2127 442 2166 connectendis.

98 2177 195 2228 opticus
210 2178 308 2229 denique
323 2191 395 2220 nexus
411 2180 495 2220 adesse
512 2178 608 2224 dieitur,
625 2177 666 2217 ubi
683 2178 809 2228 prophetae

46 2228 68 2268 in
83 2231 185 2271 oraculis
203 2232 253 2271 suis
273 2236 369 2272 eventus
388 2235 496 2285 proprius
515 2244 543 2271 ac
561 2232 674 2272 remotius
692 2231 750 2270 sitos
770 2231 809 2268 ad-

45 2285 164 2374 umbrant,
186 2285 241 2334 quin
262 2286 421 2336 intervallum,
445 2287 506 2337 quod
527 2286 587 2324 inter
607 2286 660 2324 illos
681 2283 808 2330 intercedit,

47 2345 150 2375 mnuan.
184 2359 186 2361 ·

391 2412 410 2460 p.
427 2411 464 2450 52.

46 2468 90 2503 Unde
103 2478 215 2516 cognoscitur,
228 2486 269 2517 quae
281 2472 358 2508 orationis
371 2478 453 2517 cujusdam
465 2483 527 2518 partes,
540 2486 571 2517 quo
583 2485 633 2506 nexus
645 2483 705 2515 genere
716 2483 737 2503 ec
748 2475 810 2514 specie,

306 2524 322 2548 et
333 2527 365 2559 quo
377 2519 429 2559 gradu
441 2517 550 2550 cohaereant?

99 2596 122 2630 A.
141 2595 221 2634 Relate
240 2597 270 2635 ad
289 2598 400 2637 ambitum
413 2608 497 2636 nexus:
516 2596 625 2644 Ejusdem
644 2599 811 2650 propositionis

47 2645 86 2683 aut
100 2646 214 2688 dictorum
228 2650 373 2700 singulorum
387 2650 489 2690 membra
504 2650 534 2688 ad
553 2651 662 2699 eundem,
682 2656 704 2695 et
718 2654 812 2704 quidem

47 2696 77 2735 ad
90 2701 218 2749 proximum
228 2705 341 2753 pertinere
352 2706 489 2751 contextum,
501 2702 552 2751 jam
560 2715 587 2742 cx
597 2705 729 2754 delinitione
740 2707 810 2755 hujus

647 2772 677 2809 6*
