1787 2921
770 95 814 134 185

51 196 144 246 quosdam
158 200 220 235 autem
234 196 344 259 prophetas,
359 194 411 236 alios
422 199 484 234 autem
499 198 588 257 pastores
602 196 622 232 et
632 193 721 233 doctores
731 193 755 232 ad
765 205 815 233 con-

51 250 196 289 summationem
210 251 337 289 sanctorum'
332 263 351 289 ιιι
366 262 414 300 opus
428 248 548 288 ministerii'
543 260 562 286 m
577 247 670 285 aedificat'
657 252 728 285 tranem
743 258 816 297 eorpo-

49 304 77 341 ris
92 303 173 341 Christe
189 308 225 342 etc.
244 304 300 355 (Eph.
316 304 336 352 4,
352 303 383 342 11.
397 307 460 353 seq.);
479 305 499 351 y)
510 303 566 352 J'uxta
580 301 691 363 principium
706 300 815 345 ouakerta-

51 367 119 394 norum
134 367 200 395 omnes
215 356 313 403 externae,
328 358 423 406 speciales
436 357 472 394 Dei
486 355 626 402 revelationes,
641 355 679 392 imo
694 356 732 392 et
727 365 773 403 ipsa
781 354 816 391 ιιι-

52 410 137 447 carnatio
150 410 208 448 Verbi
223 415 246 448 et
256 411 378 448 commoratio
393 411 443 448 inter
456 409 544 447 homines
558 383 667 457 superfluae
682 407 769 446 luissent

105 463 127 508 b)
142 463 214 507 Quodsi
229 463 343 507 Quaheriani
357 475 382 500 ex
394 464 438 501 loeo
454 463 477 500 ad
490 462 545 500 Rom
559 460 626 509 8,14.
641 460 684 498 coll¹
695 460 762 498 euml.
772 459 816 497 Cor

51 514 117 561 2,10
131 519 159 553 et
164 516 236 553 Joann.
248 515 279 561 14,
294 514 326 553 26.
345 515 420 553 luminis
434 512 465 552 sui
478 516 549 552 interni
562 514 667 561 realitatem
683 512 816 551 demonstrare

52 572 156 615 conantur.
175 572 239 614 certe,
258 567 334 605 nonnisi
351 567 433 605 litteram
440 571 561 625 prementes
579 567 631 604 omni
648 566 719 603 lumine
738 566 815 603 interno

52 619 188 680 destihruntur3
202 631 245 656 nam

105 676 127 718 u]
142 673 159 709 si
172 674 233 730 primo
239 673 291 710 loco
306 671 339 709 lilii
352 671 388 709 Dei
402 671 454 717 [veri
468 671 580 716 Christiani)
599 671 670 718 Spiritu
688 670 724 708 Dei
738 670 770 719 agi
784 669 816 707 di-

53 728 98 761 cunt
98 737 126 772 ur,
140 725 208 762 inde
199 736 238 762 non
252 725 345 773 sequitur,
361 724 449 772 Spiritum
462 723 498 761 Dei
513 724 569 761 etiam
582 724 683 760 veritatum
698 724 721 760 ad
736 724 816 760 salutem

52 778 205 815 necessariarum
219 788 310 815 summam
325 777 406 838 singulis
420 778 495 814 interne
505 780 523 813 et
532 776 587 814 modo
598 775 750 813 extraordinario
761 786 816 812 eorn-

52 831 159 875 municare;
177 831 241 878 potius
255 830 314 867 verba
328 830 367 877 illa,
382 831 399 867 si
413 833 514 866 contexes
528 828 621 866 habeatur
633 829 693 874 ratio,
708 828 732 865 de
746 827 817 864 volun-

53 882 103 929 tatis,
118 894 153 931 per
163 883 260 935 Spiritum
267 894 282 920 s.
292 879 427 920 inhabitantem
437 876 574 928 sanctificatae,
589 880 612 917 ad
624 892 680 918 omne
689 891 748 952 opuls
743 880 822 923 bonum

53 939 128 982 promte
143 932 276 983 exequendum
289 934 362 972 efficaci
373 935 530 972 determinatione
539 933 664 983 intelligenda
675 927 750 978 sunt¹)
764 933 788 979 β)
799 932 822 976 Si

55 986 140 1024 Christus
155 987 199 1024 coll.
213 988 294 1024 loannis
310 987 340 1035 14,
356 987 388 1026 26.
400 987 504 1035 promittit,
519 986 573 1032 fore,
592 990 612 1023 ut
626 936 743 1035 Spiritus's)
755 985 818 1021 omnia

54 1039 131 1083 doceat;
151 1038 167 1075 si
187 1049 245 1086 porro
264 1039 277 1075 l.
297 1038 340 1076 Gor.
357 1040 422 1085 2,10.
441 1039 533 1098 legimus:
553 1015 625 1085 ,t’ttobis
644 1042 706 1075 autem
725 1037 819 1074 revelavit

52 1090 105 1127 Deus
120 1101 155 1138 per
169 1090 271 1138 Spirituum
286 1101 347 1140 suuni,
362 1090 447 1144 Spiritus
457 1092 506 1127 enim
516 1091 578 1127 omnia
587 1093 688 1135 scrutatur,
703 1090 759 1126 etiam
769 1100 819 1137 pro-

54 1141 112 1178 lunda
128 1141 177 1178 Dei:
192 1145 273 1202 utroque
287 1133 331 1179 loco
346 1153 409 1179 sermo
425 1141 500 1190 quidem
515 1145 545 1179 est
553 1142 585 1178 de
602 1141 728 1198 suggestione
743 1145 762 1177 et
775 1152 819 1177 ma-

54 1193 177 1230 nifestatione
196 1196 257 1230 omnis
275 1194 362 1230 ueritatis
380 1205 415 1240 per
432 1194 520 1241 Spiritum
539 1205 554 1231 s.
569 1193 683 1238 efficienda5
698 1197 728 1230 ast
742 1203 780 1229 ιιοιι
795 1193 819 1229 de

55 1256 89 1295 ea,
110 1256 146 1293 qua
158 1246 222 1282 omnis
238 1245 354 1282 Christianus
369 1245 477 1282 immediate
491 1245 574 1291 fruatur,
594 1245 629 1282 sed
648 1244 672 1281 de
690 1244 722 1281 illa
741 1247 819 1290 tanturn,

55 1292 104 1346 quae
125 1297 210 1346 proxime
230 1298 311 1348 contigit
327 1297 438 1347 Apostolis,
458 1302 477 1335 et
491 1298 514 1336 ab
529 1297 583 1335 hisce
598 1297 673 1335 demum
687 1296 711 1334 ad
726 1296 794 1334 Chris
781 1300 820 1334 ra

54 1361 91 1438 Jiros
110 1350 196 1398 reliquos
214 1351 297 1388 mediate
316 1351 421 1398 derivatur,
444 1352 469 1389 uti
488 1362 546 1403 sanae
565 1351 721 1388 hermeneuticae
739 1350 821 1400 regulae

68 1406 140 1442 ocent.

101 1454 129 1493 2.
149 1454 223 1494 Sicuti
238 1455 380 1506 Qualreriani
398 1455 524 1507 phantasia
542 1467 587 1495 sua
605 1454 680 1494 delusi
698 1436 820 1502 falluntur,

57 1508 119 1555 ιιιιιιι,
134 1510 196 1558 quod
211 1509 309 1548 aliorum
324 1509 476 1558 institutione,
490 1509 585 1566 propria
599 1509 714 1557 lectione,
724 1509 821 1550 medita-

55 1562 122 1600 tione
132 1565 173 1601 aut
186 1562 328 1612 experientia
342 1563 512 1612 cognoverunt,
531 1562 612 1602 lumini
625 1563 716 1601 interno
732 1561 821 1601 adscri-

56 1616 130 1668 burrt:
138 1615 171 1654 ita
186 1618 208 1654 et
222 1615 332 1655 fanaticis
347 1617 466 1655 erroribus
480 1616 568 1655 aditum
582 1617 709 1677 praebent,
721 1616 789 1653 etenim
805 1616 822 1652 si

56 1665 102 1716 quis
112 1669 144 1705 illa
164 1670 254 1718 opinione
273 1670 297 1707 de
316 1669 386 1707 lumine
404 1671 479 1707 interno
499 1669 615 1719 deeeptus
610 1671 756 1707 instructionem
771 1669 822 1706 divi-

55 1732 98 1758 nam
115 1725 168 1765 cerlo
183 1733 205 1758 ae
219 1721 252 1759 'diu
266 1726 365 1770 expectat,
384 1734 409 1759 ex
422 1723 529 1759 rationibus
543 1722 688 1772 psychologicis
702 1721 744 1758 fieri
758 1725 822 1770 potest
869 1737 875 1742 ’

56 1777 76 1810 et
91 1776 158 1811 revera
172 1774 202 1820 ιιι,
222 1778 243 1810 ιιι
257 1775 355 1824 phantasia
373 1785 407 1812 sua
425 1775 555 1812 incalescente
574 1775 649 1812 demum
668 1774 744 1823 propria
759 1775 822 1822 phan-

57 1829 144 1873 tasmata,
158 1827 231 1864 somnia
245 1839 268 1864 ac
282 1827 348 1865 deliria
363 1828 399 1865 ceu¹
413 1839 480 1865 vocem
495 1828 586 1865 internam
597 1839 619 1864 ac
628 1827 766 1869 revelationem
777 1827 822 1875 Spi-

57 1880 104 1917 ritus
119 1890 135 1916 s.
150 1879 271 1928 consideret,
291 1881 318 1918 uti
332 1892 396 1918 mores
410 1881 485 1918 illorum
498 1880 574 1918 luminis
589 1881 692 1918 amicorum
707 1880 823 1928 peculiares,

57 1926 76 1969 et
90 1933 197 1983 sententiae
212 1932 236 1969 de
246 1909 380 1982 J'dreju'rando,
395 1933 418 1971 de
432 1933 491 1992 bello,
506 1933 529 1970 de
538 1934 648 1983 theologiae
659 1932 730 1981 studip,
744 1933 768 1970 de
778 1945 823 1970 mu-

57 1985 98 2022 sica
113 1988 149 2021 etc.
165 1985 239 2022 abunde
254 1986 330 2023 docent

110 2036 132 2075 3.
152 2037 314 2086 (tuaherianos
334 2038 423 2087 absque
440 2038 581 2077 necessariis
599 2037 703 2076 scientiis
718 2039 741 2076 et
754 2048 822 2086 regu-

57 2089 87 2127 lis
101 2089 195 2137 solidis,
214 2092 237 2128 et
255 2091 348 2129 nonnisi
362 2090 538 2140 inspirationem
557 2102 637 2138 suam,
656 2101 726 2138 quam
740 2092 823 2139 putant

58 2141 170 2189 divinam,
190 2145 326 2191 sequentes,
346 2155 365 2182 s.
380 2143 525 2193 Scripturam
542 2154 652 2193 perverse
665 2142 822 2192 interpretari,

58 2204 85 2232 ex
99 2195 209 2244 exemplis
224 2195 332 2245 superius
347 2196 425 2235 allatis
440 2198 514 2245 patetg
532 2207 573 2235 eos
587 2207 643 2234 vero
662 2196 708 2234 hae
721 2196 745 2233 in
759 2206 784 2233 re
798 2195 823 2232 in

58 2246 152 2285 diversa
171 2258 263 2295 quoque
282 2248 359 2296 abire,
378 2250 426 2287 tum
445 2249 479 2292 rei
497 2250 593 2295 natura,
614 2251 663 2286 ιιιιιι
682 2247 823 2297 experientia

59 2298 136 2359 docet,
152 2299 202 2346 quod
218 2304 280 2337 autem
293 2300 355 2338 locum
372 2300 496 2338 habere'non
510 2306 587 2349 posset,
602 2301 619 2337 si
633 2312 643 2338 a
657 2301 699 2338 Deo
714 2300 823 2337 immediate

59 2352 88 2388 eis
103 2355 242 2401 suggereretur
256 2363 354 2390 sacrorum
369 2352 467 2390 effatorum
482 2364 569 2414 sensus,
582 2364 638 2413 quum
652 2353 726 2390 Numen
740 2352 823 2389 divinum

58 2413 97 2440 nen
111 2403 238 2441 dissensionis
253 2408 273 2441 et
286 2404 404 2451 discordiae,
424 2406 458 2442 sed
479 2406 613 2443 consensionis
632 2410 650 2443 et
669 2405 779 2455 harmoniae
799 2405 824 2442 sit

59 2451 132 2501 ductor,
147 2456 222 2504 sibique
238 2456 370 2494 contradicere
384 2468 423 2495 non
437 2459 504 2505 possit.

58 2571 248 2579 ——.

81 2645 99 2684 1)
112 2643 144 2674 ch.
155 2644 261 2685 Reithmayeri
273 2652 359 2677 comment.
369 2648 385 2676 in
397 2657 423 2687 ep.
435 2646 454 2676 ad
466 2648 511 2678 Ronr.
526 2646 546 2677 ad
560 2647 603 2677 hunc
618 2648 671 2678 locum
682 2657 720 2688 pag.
731 2646 768 2678 llo.
779 2658 825 2688 seqq.
