1787 2921
752 98 796 137 tot

32 196 101 245 qu'us
119 198 198 235 tamen
217 208 291 236 causa
308 196 432 235 tribuenda
451 197 487 234 est
505 194 614 243 scriptori
628 196 738 244 profano,
758 194 799 243 qui

32 252 55 289 et
69 248 119 287 falli
134 251 157 286 ct
170 249 252 287 fallere
270 249 356 298 potuit,
375 248 441 295 hinc,
460 250 577 295 utcunque
597 246 627 284 sit
646 248 750 285 cruditus
769 257 799 284 ac

33 301 228 349 circumspectus,
246 312 393 350 nequaquam
413 311 494 349 expers
514 301 550 337 est
564 298 640 336 omnis
655 299 747 336 omnino
762 309 798 336 er-

32 353 106 400 roriS‚
126 352 223 402 ideoque
237 353 262 391 in
275 364 353 403 pugna
371 364 423 390 cum
442 354 537 390 auctore
552 361 633 396 sacro,
652 351 674 388 si
687 351 742 388 talis
756 361 798 388 un·

33 416 104 455 quam
118 404 270 454 detegeretur,
285 405 339 443 huie
352 404 464 443 victoriae
478 404 556 454 palma
571 402 646 450 cedat,
660 404 758 452 oportet.

295 657 431 716 §ectio
459 657 540 713 ΙΙΙ.

114 763 148 807 De
165 777 230 809 sensu
245 763 374 808 inveniendo
390 776 430 820 per
446 763 589 806 conditionem
607 761 721 820 loquentis.

382 886 401 937 s.
417 882 455 925 63.

68 954 139 986 Persona
150 954 231 996 loquentis
242 955 325 995 interpreti
335 960 373 985 nota
384 955 413 993 sit,
425 958 494 994 oportet,
506 958 523 984 et
533 953 580 983 unde·
587 953 628 984 haec
639 953 761 994 cognoscatur?

58 1036 61 1040 '
90 1041 160 1081 Jrrxta
183 1053 317 1092 supremum
339 1040 525 1080 hermeneuticac
547 1040 686 1090 principium
709 1042 803 1090 practer

37 1105 106 1133 usum
120 1094 229 1143 loquendi
246 1096 269 1133 ct
287 1093 400 1132 orationis
418 1095 549 1131 contextum
566 1093 636 1131 ctiam
653 1093 754 1132 conditio
768 1094 802 1131 lo-

38 1146 130 1195 queutis
148 1148 197 1185 tam
215 1147 318 1193 interna,
337 1157 407 1195 quam
425 1148 519 1184 externa
537 1146 656 1194 interpreti
674 1148 710 1184 cst
728 1145 802 1194 respi-

39 1198 128 1246 cienda,
143 1199 199 1249 quia
212 1199 265 1238 inde
279 1199 370 1237 demum
385 1198 453 1247 plena
467 1198 580 1247 dependet
593 1209 678 1237 sensus
693 1197 802 1246 cognitio,

38 1251 72 1289 uti
86 1262 128 1300 per
142 1251 266 1290 decursum
279 1250 351 1298 hujus
366 1250 476 1289 sectionis
494 1250 588 1299 patebit.
609 1250 638 1288 Ut
654 1262 710 1289 vero
725 1249 803 1288 condi-

38 1303 109 1353 tionis
128 1303 200 1351 lnq'us
219 1303 297 1342 debita
315 1303 396 1341 haberi
410 1303 485 1352 possit
500 1302 600 1351 cognitio
615 1305 637 1341 et
650 1303 723 1351 ratio,
742 1302 803 1341 scire

38 1355 199 1394 necessarium
213 1358 259 1394 cst:

94 1407 114 1456 1.
128 1408 241 1456 Quisnam
255 1407 287 1447 sit
300 1407 414 1456 loqtren's‘l
428 1407 479 1446 llac
493 1407 517 1445 in
530 1418 556 1445 re
566 1407 693 1456 generatim
702 1417 804 1456 sequens

40 1459 122 1508 regula
136 1461 235 1498 tcncnda
249 1462 296 1498 cst:
310 1460 450 1508 Loquentem
460 1460 536 1509 ipsum
546 1462 665 1498 auctorem
679 1460 732 1498 libri
746 1461 805 1497 tam·

41 1512 81 1550 diu
95 1512 195 1560 habeas,
215 1512 325 1561 quamdiu
339 1512 481 1556 contrarium
499 1523 546 1550 non
561 1514 623 1550 certo
639 1511 805 1562 0011513111.-

40 1565 164 1603 Auctorem
177 1576 234 1603 vero
248 1564 301 1603 libri
315 1575 362 1602 non
376 1575 429 1602 esse
442 1565 582 1612 loquentem,
597 1567 660 1603 certo
674 1566 778 1602 constat:

95 1619 118 1662 a)
138 1616 164 1655 si
185 1619 267 1655 auctor
287 1617 337 1666 ipsc
359 1616 445 1655 diserte
466 1617 537 1655 alium
557 1617 689 1665 loquentem
709 1616 806 1664 inducit,

41 1668 119 1718 prouti
132 1669 177 1707 hoc
191 1669 215 1708 in
228 1669 305 1708 sacris
319 1668 393 1716 libris,
408 1671 431 1707 et
444 1669 568 1718 praecipue
581 1669 605 1706 in
613 1669 745 1718 Evangeliis
755 1680 807 1707 sac-

42 1720 138 1771 pissime
152 1722 203 1768 lien'
217 1723 284 1760 solet.
305 1721 372 1770 Quod
386 1721 426 1759 uhi
439 1722 516 1759 locum
530 1722 607 1768 habet,
621 1721 755 1771 interpretis
770 1723 806 1759 est

42 1773 114 1823 probe
129 1775 259 1822 attendere,
276 1774 371 1812 ubinam
386 1776 468 1811 auctor
481 1773 531 1822 ipse
545 1773 616 1811 linitis
630 1774 708 1813 verbis
724 1774 807 1812 alicnis

42 1826 107 1864 iilum
121 1826 234 1865 orationis
248 1828 389 1872 rcassumat,
403 1826 465 1875 quod
474 1825 544 1872 facile
554 1826 709 1874 cognoscitur,
724 1826 746 1865 si
755 1837 808 1864 ora-

43 1878 77 1917 tio
92 1877 169 1917 aliena
183 1880 271 1917 claram
285 1879 356 1917 habet
370 1879 507 1926 clausulam,
522 1880 563 1916 aut
576 1878 597 1916 si
607 1879 729 1928 sequentia
743 1889 809 1928 aper·

42 1933 92 1969 tum
104 1930 201 1976 initium
220 1931 334 1969 orationis
352 1932 389 1969 vel
408 1930 551 1969 narrationis
570 1942 645 1970 novae
663 1943 720 1980 prae
734 1942 760 1969 se
774 1931 808 1969 fe·
841 1952 845 1956 .

42 1985 104 2021 runt.
124 1983 237 2022 univero
251 1983 308 2021 talia
322 1983 407 2022 indicia
426 1984 521 2030 desunt,
540 1985 625 2021 natura
643 1984 757 2021 dictorum
772 1994 809 2021 se-

44 2036 99 2074 dulo
114 2036 268 2075 examinanda
281 2037 324 2081 cst,
339 2037 362 2073 ct
376 2047 403 2073 ex
417 2035 498 2073 cadem
513 2034 694 2083 dijudicandum,
709 2047 764 2074 num
779 2035 810 2073 ad

44 2088 145 2126 alienam
165 2089 242 2127 adlruc
262 2088 391 2126 orationem
410 2086 542 2134 adjicienda
560 2087 618 2134 sint,
640 2100 671 2126 an
688 2099 745 2126 vero
763 2088 809 2137 ipsi

45 2141 136 2179 auctori
151 2152 193 2179 ceu
207 2140 310 2190 loquenti
321 2140 450 2178 tribuenda.
464 2140 486 2176 V.
495 2152 513 2189 g.
520 2140 552 2177 lllt.
560 2139 579 2186 3,
587 2139 606 2177 3.
620 2139 689 2179 loann.
700 2141 718 2188 l,
728 2141 759 2178 15.
767 2152 809 2189 seq.

99 2195 121 2239 b)
136 2193 162 2231 Si
176 2196 270 2240 auctor,
285 2204 344 2243 quae
358 2193 423 2242 prius
438 2193 510 2230 allata
525 2194 603 2239 crant,
617 2194 716 2240 refutat,
733 2193 766 2230 ubi
785 2204 811 2230 cx

44 2246 86 2294 ipsa
100 2245 136 2283 hac
149 2246 264 2283 refutatione
279 2250 334 2283 antea
349 2246 442 2283 diciorum
457 2245 547 2294 colligere
561 2245 613 2292 lieet,
628 2246 694 2283 eadem
705 2246 810 2283 dubilatio-

44 2310 88 2336 nem
103 2298 283 2347 vel-objectionem,
299 2298 322 2335 ab
333 2299 370 2336 alio
380 2298 412 2335 vel
423 2297 469 2335 alius
480 2298 642 2344 neminemnam,
658 2310 702 2336 esse
716 2298 811 2335 habenda.

99 2350 121 2388 2.
139 2350 198 2389 Num
211 2350 309 2398 loquens
324 2361 337 2388 e
351 2362 407 2397 sua,
422 2361 453 2388 an
467 2360 493 2387 ex
508 2349 604 2388 alterius
619 2351 735 2392 sententia
749 2351 811 2388 dixe·

45 2402 87 2451 rit3
102 2403 122 2440 lit
136 2405 185 2441 enirn
199 2414 344 2451 nonnunquam,
364 2408 384 2440 ut
402 2403 493 2450 loquens,
514 2403 554 2440 sive
573 2403 598 2440 sit
612 2408 678 2441 auctor
696 2405 749 2451 ipse,
769 2405 811 2440 sive

47 2456 106 2502 alius,
121 2467 159 2493 non
174 2469 183 2493 e
199 2467 243 2503 sua,
257 2455 292 2493 sed
306 2467 331 2492 ex
345 2455 393 2492 alius
407 2455 438 2491 vel
453 2455 533 2492 aliorum
548 2457 673 2503 persuasione
688 2459 719 2492 aut
733 2457 811 2492 nomine

25 2552 27 2554 Ι
46 2508 106 2545 verba
120 2509 188 2556 faciat,
207 2520 244 2556 quo
262 2509 281 2545 in
300 2518 345 2544 casu
360 2508 436 2557 proprie
454 2509 548 2544 sententia
564 2508 605 2555 ejus
620 2508 684 2554 adest,
704 2508 758 2556 cujus
773 2519 811 2545 no-

48 2561 98 2596 mine
112 2572 130 2597 v.
145 2571 155 2597 e
171 2561 225 2609 cujus
240 2561 364 2609 persuasione
382 2560 462 2607 loquens
477 2560 565 2606 disserit,
585 2563 604 2595 ct
621 2559 702 2607 proinde
718 2561 811 2597 dictorum

71 2714 90 2755 1)
102 2714 133 2753 oni
141 2713 174 2754 jam
186 2716 217 2747 sint
228 2715 327 2757 singulorum
337 2715 414 2747 librorum
425 2714 517 2755 turnV,tu1n
523 2715 541 2747 N.
548 2714 565 2746 T.
571 2716 753 2755 auctores,iutroductio
759 2716 813 2748 docet.
