1787 2921
778 90 819 130 tat

54 193 276 236 commendationem
297 198 409 247 mysticae
430 192 630 245 interpretationis
648 204 720 244 supra
739 196 822 234 lauda·r
848 244 850 246 ι

23 274 28 292 r
53 250 103 296 tus,
122 249 162 298 qui
180 249 204 288 iu
217 261 287 300 opere
301 262 345 290 suo
359 252 387 290 de
401 248 508 288 doctrina
528 246 691 285 christianae.
705 247 742 286 at.
756 260 819 300 meu·

53 302 100 340 tem
114 313 187 344 suam⁴
196 304 241 342 hac
255 304 284 343 de
297 315 323 343 re
337 306 375 343 sat
389 304 452 342 clare
466 299 603 340 manifestat
610 298 639 348 Ἲς

106 356 239 403 tttscnsum
253 356 377 395 litteralem
390 358 477 395 baseos
493 354 569 392 instar
582 352 693 399 habeant,
710 353 747 391 cui
760 353 819 392 inni·
866 382 868 384 -

53 407 237 458 tatur-<oporteat
250 410 416 460 mysticus,·ut
430 404 580 456 erigerem),
595 416 615 444 s.
629 404 785 454 Hieronymus
792 404 819 457 ³),

53 460 264 512 stangustmusu,
279 473 298 500 s.
313 462 440 511 Gregorius
454 458 518 512 ll.?)3
546 471 549 474 ⁴
578 482 579 485 =

106 516 126 560 γ)
140 512 352 562 interpretationem
367 514 502 562 mysticam,
520 512 546 548 ut
559 511 648 559 scripta
662 521 743 549 eorum
757 512 820 560 pole-

52 565 114 603 mica
128 567 150 604 et
168 566 314 615 apologetica
332 567 428 614 doceat,
446 574 494 605 uon
512 564 536 603 iu
555 563 744 604 demonstrandis
764 563 819 614 dog-

52 617 155 656 matibus
169 618 306 667 adhibeant,
321 619 363 657 sed
377 618 416 657 illo
432 617 530 657 consilio
544 617 613 665 moti,
633 616 695 666 quod
709 617 819 666 superius

53 673 72 715 §.
88 669 131 708 105.
141 670 307 722 indicavimus,
322 672 399 710 solum
412 671 437 710 in
446 670 585 709 homileticis
596 673 618 709 et
628 669 737 708 asceticis
745 670 818 720 scrip-

52 722 84 761 tis
98 723 245 771 frequentent
250 721 277 774 ⁶).
508 737 513 741 ·

86 786 88 789 ·
107 776 164 813 Gum
178 775 256 824 itaque
270 778 359 815 tantum
374 776 449 823 absit,
467 777 493 814 ut
510 776 595 814 Patres
609 774 634 812 in
647 773 756 813 sensibus
771 785 819 823 my-

53 827 120 866 sticis
134 828 285 876 conveniant,
304 830 330 867 ut
343 829 422 878 potius
436 839 465 867 ne
480 828 508 866 de
522 827 713 876 interpretatione
727 826 819 875 quidem

53 879 153 929 mystica
161 880 248 919 “eadem
262 881 364 920 onmium
379 881 410 920 sit
424 880 541 930 sententia
555 881 577 918 et
591 879 683 929 praxis:
702 878 755 927 quis
774 878 820 918 sibi
862 886 868 904 '=›

53 932 205 981 persuadeat,
216 934 339 972 concilium
353 933 444 984 verbis:
464 933 550 981 „Nemo
564 932 651 970 audeat
666 953 692 960 -
706 941 726 969 s.
741 931 819 980 Scrip-

53 985 130 1023 turam
144 1007 170 1013 —
184 987 266 1024 contra
280 986 413 1025 unanimem
432 996 573 1024 consensum
591 984 689 1023 Patrum
707 983 820 1034 interpre-

52 1035 126 1083 tari‚“
145 1048 178 1076 ss.
192 1038 289 1076 Patruus
307 1038 510 1088 interpretationes
527 1037 640 1086 mysticas
655 1048 698 1075 eeu
712 1047 819 1076 normam

53 1088 252 1138 interpretationis
266 1091 396 1129 catholicae
409 1090 570 1140 praescribere
579 1089 702 1128 voluisse?
717 1111 739 1116 -
756 1089 818 1128 idem

53 1143 117 1190 patet
153 1156 159 1160 ·
672 1143 676 1164 l
730 1154 733 1157 ⁴

107 1194 129 1239 b)
143 1204 171 1232 ex
184 1195 309 1233 occasione
322 1194 429 1243 proxima
443 1197 465 1233 et
479 1205 507 1233 ex
520 1194 626 1243 partibus
641 1192 713 1241 lulius
725 1194 818 1234 decreti.

53 1246 153 1284 Occasio
167 1244 220 1293 ejus
234 1248 339 1296 proxima
353 1259 400 1286 uon
414 1247 438 1286 in
453 1258 480 1286 eo
494 1249 545 1286 erat
559 1246 693 1297 sita,.quod
707 1245 819 1296 iuterpre-
875 1267 880 1280 ι

53 1299 89 1336 tes
103 1298 133 1337 ab
148 1299 330 1347 expositionibus
344 1300 442 1339 Patrum
456 1299 562 1348 mysticis
581 1299 764 1349 discessissem
776 1301 819 1338 sed

53 1350 132 1399 potius
144 1350 169 1389 in
182 1350 223 1389 illa
237 1351 404 1401 interpretandi
417 1353 519 1399 ratione,
534 1363 581 1400 qua
594 1351 646 1400 ipso
660 1351 700 1389 illo
715 1353 818 1401 ternpore

52 1403 155 1451 theologi
169 1404 293 1442 acatholici
306 1407 355 1443 tum
370 1404 483 1443 ecclesiae
493 1414 596 1453 sensum,
610 1405 659 1441 tum
669 1403 767 1442 Patrum
777 1416 820 1443 ceu

53 1455 344 1504 unanimiumtraditionis
358 1459 406 1495 tam
424 1453 580 1505 dogmaticae,
600 1466 670 1504 quam
687 1456 819 1504 exegetieae
854 1493 857 1498 ,

53 1506 148 1545 testium
162 1507 324 1546 auctoritatem
338 1511 476 1558 respuentes
490 1519 509 1546 s.
518 1507 660 1556 ¹Scripturae
675 1507 747 1545 effata
760 1519 819 1546 suae

53 1558 190 1607 prudentiae
208 1560 279 1598 inuisi
298 1561 328 1598 ad
346 1572 404 1599 suos
423 1571 520 1607 sensus,
540 1559 570 1598 ad
588 1570 633 1597 sua
651 1559 738 1607 placita
756 1571 823 1599 nova

53 1612 207 1659 contorquere
221 1614 353 1661 coeperant,
367 1613 401 1651 uti
416 1624 442 1651 ex
456 1612 524 1651 Pauli
536 1610 606 1660 Sarpi
616 1611 670 1649 hist.
680 1622 745 1650 couo.
754 1612 817 1650 Trid.

54 1663 129 1711 patet,
148 1664 171 1701 et
189 1664 252 1711 quod
269 1664 368 1703 innuunt
386 1665 461 1714 ipsius
480 1664 550 1702 etiam
565 1663 652 1701 decreti
665 1664 750 1710 verba:
768 1665 818 1711 „Ad

54 1770 244 1778 ——-—-——-

76 1833 194 1875 1)>„Qm·squts
205 1837 221 1866 in
233 1835 319 1876 scripturis
334 1835 377 1866 aliud
388 1838 443 1877 sentit,
460 1846 507 1877 quarn
518 1838 538 1875 is,
550 1837 577 1877 qui
588 1837 661 1876 scripsit,
675 1835 706 1866 illis
722 1845 754 1866 non
770 1844 818 1867 men-

106 1875 181 1907 tientibus
193 1876 259 1915 fallitur3
275 1879 303 1909 sed
315 1884 378 1917 tamen,
393 1880 407 1909 si
418 1888 438 1909 ea
449 1879 529 1909 sententia
543 1877 610 1916 fallitur,
626 1886 667 1918 qnae
679 1877 754 1908 aedificet
765 1877 819 1908 chari-

106 1923 165 1957 tatem,
180 1929 222 1960 quae
234 1919 269 1951 imis
281 1922 364 1961 praecepti
374 1926 406 1961 est,
420 1922 442 1952 ita
456 1920 525 1959 fallitur,
540 1921 574 1951 acsi
586 1921 663 1960 quisptam
675 1929 729 1950 errore
741 1919 819 1951 deserens

107 1961 148 1990 vlam
161 1969 181 1991 eo
192 1967 244 1992 tamen
256 1971 352 2003 peragram
364 1968 426 2003 pergat,
438 1973 469 2004 quo
482 1964 528 1994 etiam
539 1964 565 1993 tn'a
576 1961 603 1992 illa
615 1961 693 2001 perducit.
710 1961 819 2002 Corrigendus

107 2007 205 2041 esttamen,
222 2009 238 2034 et
250 2014 295 2044 quam
307 2003 360 2036 utilius
372 2005 392 2035 sit
402 2006 443 2036 vlam
455 2015 487 2036 non
499 2004 585 2042 deserere,
597 2004 737 2035 demonstrandum
749 2010 782 2042 est,
798 2014 819 2035 nc

108 2045 224 2075 consuetudine
236 2046 310 2077 deviandi
322 2048 368 2076 etiam
380 2047 395 2077 ln
406 2052 515 2077 transversum
527 2052 543 2077 et
553 2055 647 2086 perversum
658 2047 681 2076 ire
693 2048 776 2086 cogatur.“

75 2088 94 2126 2)
106 2085 163 2117 llomil.
174 2087 186 2117 1.
198 2088 213 2124 in
225 2087 304 2119 Genesin:
316 2087 399 2127 „Omnium
410 2090 462 2129 primo
473 2089 562 2127 videamus,
574 2096 615 2128 quae
627 2087 647 2117 de
660 2096 679 2118 ea
690 2087 780 2118 secundum
791 2087 819 2118 lit-

106 2133 157 2159 teram
168 2130 265 2170 referuntur,
277 2136 293 2161 et
304 2132 407 2172 quaestiones
418 2136 534 2172 proponentes,
547 2139 587 2171 quae
600 2129 649 2169 objici
660 2140 669 2160 a
679 2129 752 2171 pluribus
760 2130 819 2168 solent,

108 2171 154 2201 etlam
165 2171 256 2203 solutiones
267 2183 321 2211 earum
333 2183 353 2204 ex
365 2173 397 2211 his,
413 2183 454 2215 quae
466 2179 503 2205 sunt
514 2183 523 2204 n
534 2171 621 2212 majoribus
632 2172 698 2211 tradita,
714 2173 819 2213 requiramus.

75 2213 93 2252 3)
106 2212 194 2245 Comment.
208 2215 225 2245 in
237 2225 272 2256 cap.
284 2215 310 2246 12.
321 2215 379 2247 Isaiae:
395 2215 484 2257 spiritualis
499 2215 608 2255 interpretatio
623 2216 670 2255 sequi
685 2213 733 2245 debet
746 2214 818 2245 ordinem

107 2255 188 2296 historiae,
200 2256 243 2298 quod
254 2256 327 2299 plerique
339 2260 432 2300 ignorantes
443 2258 540 2300 lymphatico
549 2259 565 2288 in
573 2256 658 2298 scripturis
666 2261 750 2287 versantur
757 2266 818 2287 errore.

74 2299 92 2338 4]
103 2297 120 2338 ln
132 2307 207 2329 sermone
218 2299 239 2329 de
250 2301 337 2330 tentatione
351 2300 434 2332 Abrahae:
450 2301 590 2340 „admoneamus
605 2305 681 2340 quantum
692 2308 786 2340 possumus,
802 2305 819 2330 et

106 2342 221 2381 praecipimus,
237 2347 262 2381 ut,
277 2341 342 2383 quando
354 2343 410 2374 auditis
423 2345 480 2384 exponi
491 2347 607 2374 sacramentum
619 2341 711 2383 Scripturas
723 2341 818 2380 mandantis,

107 2383 149 2424 quae
161 2389 206 2424 gesta
218 2389 260 2423 sunt,
271 2385 314 2424 prius
326 2383 364 2415 illud
377 2385 436 2416 factum
448 2395 486 2416 esse
498 2385 566 2416 credatis
578 2386 602 2414 sio
613 2390 681 2425 gestum,
694 2383 774 2425 quomodo
782 2383 818 2414 lec-

106 2429 145 2463 tum,
156 2435 177 2456 ne
189 2425 269 2457 subtracto
281 2425 384 2457 fundamento
396 2428 420 2457 rei
431 2433 487 2467 gestae
499 2428 545 2468 quasi
555 2427 571 2457 in
580 2429 618 2457 aere
628 2427 708 2467 quaeratis
716 2425 817 2456 aedificares
851 2441 853 2443 ·

107 2465 140 2497 Cir.
152 2476 178 2506 ep.
188 2468 214 2499 93.
226 2468 246 2498 ad
257 2467 363 2500 vincentium.

75 2509 94 2547 5)
104 2508 145 2549 Evg.
157 2508 305 2541 tth;11.h0m.4o.
320 2510 336 2540 in
348 2510 443 2541 dominicam
455 2509 474 2540 ll.
486 2515 523 2551 post
534 2510 608 2541 Pontes:
624 2508 650 2548 „lu
662 2508 716 2539 verbis
728 2519 740 2539 s.
753 2508 819 2550 eloquii,

107 2549 164 2581 iratres
175 2551 274 2590 charissimi,
288 2553 332 2592 prius
346 2552 426 2583 servanda
441 2557 466 2582 est
475 2553 535 2584 veritas
551 2552 636 2590 historiae,
650 2550 753 2590 postmodum
764 2553 820 2592 requi-

106 2591 157 2622 renda
172 2593 257 2632 spiritualis
272 2593 378 2635 intelligentia
393 2594 487 2635 allegoriae.
507 2594 552 2625 Titne
566 2602 636 2633 namque
651 2592 740 2633 allegoriae
757 2593 819 2624 fruetus

107 2636 177 2665 suaviter
188 2636 256 2675 eapitur,
268 2646 303 2667 cum
315 2637 359 2677 prius
370 2647 400 2677 per
410 2636 491 2667 historiam
503 2637 518 2667 in
529 2636 600 2667 veritatis
612 2634 667 2665 radice
679 2634 772 2665 solidatur.“

75 2677 93 2715 6)
105 2675 137 2714 (ὶΐπἸ
147 2676 197 2717 Vogl:
209 2677 240 2708 Die
251 2678 288 2709 hell.
300 2678 359 2710 Schrist
369 2679 402 2710 und
413 2678 447 2710 ihrc
458 2678 581 2719 interpretation
593 2676 644 2708 durch
656 2677 682 2708 die
693 2677 720 2708 hh.
731 2677 779 2709 Vitor
791 2678 820 2707 der

106 2717 170 2758 llirohe,
181 2729 218 2760 pag,
229 2719 255 2751 88.
267 2730 313 2762 seqq.
492 2735 496 2750 s
