1787 2921
789 116 817 154 ot

54 206 177 249 referendum
192 213 221 246 est
236 207 305 247 dictum
319 208 388 248 Christi
401 210 421 248 in
435 220 493 248 cruce
507 208 608 257 pendentis
622 209 654 247 llft.
664 208 696 256 27,
710 210 743 248 46.
759 210 818 259 „th

54 262 84 310 ἠλὶ
98 259 276 309 λαμὰσαβαχθιινί,
296 273 333 311 quo
348 264 413 300 citavit
426 263 520 300 Psahnum
534 262 565 299 22,
586 262 651 311 (Vulg.
666 262 708 306 21.)
729 263 753 299 de
771 275 820 311 pas-

55 316 110 353 sione
124 314 206 350 hlessiae
221 319 315 362 agentem,
330 314 414 351 ludaeos
428 316 465 362 ipsi
479 313 581 351 illudentes
592 313 783 360 commonefacimus,
798 327 820 352 se

55 369 116 403 morte
130 376 164 401 sua
178 366 305 414 ignominiosa
319 377 357 402 non
372 367 459 403 obstante
475 376 519 403 esse
532 365 628 412 blessiam,
643 365 687 412 quia
697 367 761 412 passio
771 367 820 403 baec

55 418 79 454 ad
93 417 178 453 minimas
192 416 233 453 fere
248 418 399 454 circumstantias
411 419 450 466 jam
465 419 561 465 descripta
576 422 606 454 est
620 429 631 454 a
644 416 718 453 Davide
728 419 820 465 propheta

55 479 79 507 eo
93 469 112 505 in
126 468 207 515 Psalmo,
222 469 253 516 qui
267 469 333 517 incipit
346 470 421 507 verbis:
435 468 481 518 Ἠλὶ,
496 467 526 517 ἠλὲ
537 470 553 507 l.
568 470 649 507 Veteres
661 479 743 517 namque
752 469 820 508 ludaei

55 521 124 559 eruditi
138 521 210 558 fusiora
225 532 240 557 s.
254 521 364 568 Scripturae
378 522 427 566 loca,
441 522 482 559 fere
496 526 517 558 ut
530 521 661 559 Mnhamedani
676 532 731 559 suras
744 522 819 570 Corani,

55 577 87 611 aut
101 577 249 610 eornmemorato
263 573 340 609 nomine
354 574 509 620 personae,'loci
522 574 553 610 vel
567 575 603 620 rei,
618 574 671 622 cujus
682 573 752 610 ibidem
760 586 820 622 prae-

55 626 110 674 cipue
120 625 195 662 -mentio
213 624 243 672 fit,
263 624 380 675 allegabant3
399 629 431 663 aut
449 626 506 663 etiam
523 625 588 662 verbis
606 625 710 664 initialibus
730 627 820 665 citabant.

54 679 141 726 Denique
558 712 561 716 ,
808 710 813 714 .

109 734 130 777 c)
149 730 327 779 argumentandi
345 731 368 769 et
386 729 523 769 elocutionis
546 729 607 768 ratio
628 730 728 769 Paulina
748 743 819 781 saepe

56 795 102 824 non
111 785 160 823 tam
170 782 269 831 judaica
279 784 302 823 in
311 795 403 834 genere,
418 795 488 833 quam
498 783 521 822 in
533 783 611 833 specie
620 783 742 822 rabbinioa
751 788 787 824 est
797 785 819 836 ¹).

399 912 419 960 §-
435 884 471 949 38}

425 1017 441 1081 l

262 1122 287 1152 De
298 1121 378 1152 elemento
393 1121 478 1151 christiano
490 1120 555 1160 linguae
566 1120 584 1150 Ν.
595 1120 612 1151 Τ.

107 1207 148 1245 Huc
165 1219 226 1256 usque
245 1208 269 1245 de
287 1208 353 1257 lingua
371 1207 393 1244 N.
408 1208 429 1244 T.
444 1209 528 1257 egimus,
548 1207 609 1254 qualis
623 1207 643 1243 in
658 1207 745 1244 omnibus
759 1208 819 1255 libris,

56 1261 88 1308 qtti
102 1261 184 1308 profecti
197 1265 242 1297 sunt
256 1272 266 1296 a
280 1260 358 1296 ludaeis
371 1261 443 1306 graeca
461 1260 558 1296 utentibus
577 1260 638 1307 magis
657 1259 744 1295 minusve
764 1261 820 1297 obvia

55 1317 92 1358 est,
107 1317 126 1348 et
140 1311 184 1349 ideo
199 1313 263 1361 lingna
278 1312 398 1348 bellenislica
413 1312 518 1348 communis
534 1311 571 1347 dici
586 1315 655 1358 potest.
669 1309 705 1347 Ast

109 1363 129 1400 l.
143 1362 224 1410 religio
239 1363 367 1401 cliristiana
381 1362 465 1409 partini
479 1373 553 1399 novas
563 1362 658 1399 notitias
669 1361 753 1407 attulit,
768 1373 820 1409 par·-

52 1413 96 1454 ,tinr
110 1414 200 1461 priores
215 1414 245 1450 ad
254 1413 369 1459 majorem
378 1412 527 1460 perfectionis
536 1413 634 1459 gradum
645 1413 751 1459 addimit5
766 1414 820 1450 hinc

56 1465 203 1502 adnationes
217 1476 303 1510 novas,
318 1475 377 1510 quas
392 1464 559 1511 proponebant,
574 1463 741 1510 significandas
756 1465 820 1502 sacri

55 1515 81 1552 N.
96 1516 121 1553 T.
136 1517 244 1553 auctores
259 1517 300 1553 aut
313 1515 380 1553 novis
395 1515 500 1553 terminis
512 1514 548 1552 uti
562 1514 688 1561 debebant,
703 1517 744 1552 aut
757 1515 819 1552 voci-

693 1648 694 1651 =
750 1640 756 1654 h

78 1668 97 1708 1)
109 1669 175 1699 Praeter
186 1668 290 1706 hebraisnros,
302 1668 404 1698 aramaismos
416 1674 433 1698 et
443 1667 550 1698 rabbinismos
565 1668 628 1708 quidam
643 1667 690 1702 etiam
705 1668 792 1699 arabismos
804 1674 821 1700 et

109 1711 211 1751 persicisnros
222 1710 266 1741 libris
277 1711 296 1742 tt.
307 1710 324 1742 T.
336 1710 430 1741 tribuerunt.
447 1710 477 1741 Ast
488 1709 506 1749 f)
518 1709 568 1740 relate
580 1710 600 1740 ad
612 1710 703 1749 arabisnros
710 1711 820 1742 statuendunrz

106 1753 161 1791 Quum
173 1757 188 1783 in
200 1754 256 1793 paucis
267 1754 382 1791 monumentis,
394 1762 436 1793 quae
447 1753 468 1783 de
480 1753 537 1783 ceteris
550 1752 621 1783 dialectis
633 1753 653 1791 ad
665 1755 820 1793 nos'pervenernnt,

110 1802 154 1827 certe
166 1805 198 1826 non
210 1805 266 1826 omnes
278 1805 332 1826 earum
344 1795 407 1826 divitiae
419 1800 491 1834 exstent,
508 1800 563 1825 contra
576 1805 616 1826 vero
631 1796 647 1825 in
659 1794 736 1834 arabicis,
753 1806 819 1836 quornm

109 1844 134 1869 sat
144 1847 201 1878 magna
212 1844 244 1869 turn
255 1838 334 1876 varietas,
350 1843 383 1868 tum
398 1839 444 1879 copia
459 1837 512 1877 adest,
526 1837 596 1869 feliciter
611 1837 663 1868 adhuc
678 1838 785 1869 inveniantur:
803 1840 819 1869 in

109 1881 152 1911 lihris
164 1880 182 1911 tl.
194 1880 211 1910 T.
222 1890 272 1911 voces
284 1886 300 1911 ct
314 1879 389 1910 formulas
405 1890 500 1918 occurrere,
517 1890 557 1921 quae
572 1890 616 1910 nunc
628 1881 661 1920 jam
676 1881 740 1910 nonnisi
755 1890 774 1911 ex
789 1891 819 1911 nsu

110 1922 188 1964 loquendi
199 1923 264 1953 arahico
275 1922 350 1953 illustrari
361 1928 434 1962 possunt,
445 1933 461 1953 u.
473 1932 488 1963 g.
500 1922 563 1952 facilius
574 1928 607 1963 est,
620 1921 697 1953 camelum
708 1924 820 1962 perforamen

110 1975 149 1995 acus
161 1966 257 2004 pertransire
269 1970 308 2002 etc,
321 1964 390 1994 concedi
401 1964 465 2005 quidem
476 1970 537 2004 potest3
553 1973 580 1994 eas
594 1974 634 1994 vcro
650 1963 718 1994 dialecto
733 1964 770 1994 huie
782 1974 819 1995 esse

109 2006 210 2047 peculiares,
221 2007 322 2047 negandum,
337 2009 354 2037 et
364 2006 401 2036 ideo
413 2006 486 2036 arabismi
498 2007 552 2036 stricte
563 2006 604 2036 tales
616 2005 699 2044 rejiciendi
710 2011 755 2045 sunt,
770 2007 820 2048 idque

110 2059 130 2079 eo
142 2050 201 2089 nragis,
214 2050 250 2089 quia
261 2051 280 2088 u)
291 2049 346 2088 lingua
357 2047 500 2078 Palaestinensinm
511 2048 583 2087 proxime
596 2047 616 2077 ad
627 2049 704 2087 syriacam
717 2048 788 2087 accedit,
800 2050 819 2080 ab

110 2090 174 2121 arabica
185 2090 233 2121 valde
245 2090 363 2131 divergentem;
378 2090 395 2131 h}
408 2090 520 2120 commercium
534 2089 677 2120 Palaestinensium
692 2099 728 2120 cunr
739 2090 819 2121 Arabibus

110 2139 162 2163 aetate
175 2132 232 2163 Christi
243 2133 277 2163 fere
292 2132 353 2163 millum
369 2137 411 2170 erat;
427 2132 497 2172 denique
512 2132 606 2172 c)minimc
620 2131 686 2161 indubia
702 2138 718 2163 et
732 2134 775 2162 onrni
790 2143 820 2163 ex-

110 2177 186 2214 ceptione
197 2175 257 2213 nrajora
269 2181 306 2204 sunt
317 2173 397 2213 exempla,
413 2173 469 2213 quibus
482 2172 502 2203 ad
513 2173 601 2203 arabismos
612 2174 628 2203 in
639 2173 658 2203 N.
669 2172 686 2203 T.
698 2175 790 2204 statuendos
803 2180 819 2205 et

111 2215 238 2256 comprobandos
250 2222 322 2253 ntnntnr3
335 2216 392 2245 etenim
404 2217 460 2255 partim
472 2214 559 2245 arabismus
571 2214 632 2255 absque
643 2217 741 2246 necessitate
751 2217 767 2245 in
779 2216 819 2245 sub-

110 2258 166 2288 sidium
181 2262 257 2295 vocatum
271 2258 328 2297 partim
343 2257 428 2296 explicatio
443 2257 481 2287 inde
495 2257 544 2296 petita
558 2256 586 2287 vel
601 2258 692 2295 contextui,
706 2257 733 2287 val
744 2257 819 2287 historiae

110 2309 143 2329 non
155 2300 236 2339 congruit3
250 2301 306 2338 partim
318 2298 387 2338 denique
398 2298 444 2338 leges
457 2298 510 2336 justae
526 2299 648 2338 comparationis
663 2299 705 2329 inter
718 2308 767 2328 voces
779 2308 819 2337 per-

110 2350 164 2379 peram
176 2340 259 2370 violantur.
270 2358 291 2362 —
307 2339 353 2376 Quod
365 2340 383 2379 2)
395 2342 497 2379 persicismcs
510 2341 573 2377 attinet,
584 2339 641 2370 Judaei
653 2340 716 2380 quidem
727 2349 759 2369 non
770 2340 819 2370 modo

109 2382 179 2422 longiori
190 2388 262 2421 tempore
273 2380 326 2412 Persis
338 2380 411 2420 subjecti,
424 2382 453 2411 sed
465 2388 482 2412 et
492 2387 554 2421 postca,
567 2381 624 2421 ajugo
637 2391 691 2411 eorum
701 2381 767 2418 liberati,
778 2380 820 2412 ultra

110 2423 192 2454 sacculum
204 2429 248 2453 arcto
260 2425 275 2453 in
286 2432 328 2452 nexu
340 2432 375 2452 cum
388 2424 411 2452 eis
423 2424 481 2462 positi,
495 2424 527 2452 imo
539 2422 596 2453 Graeci
606 2424 638 2462 ipsi
649 2423 692 2453 vario
704 2422 750 2452 motlo
762 2422 819 2453 iisdenr

111 2465 183 2504 perndxti
195 2470 245 2502 erant,
256 2465 326 2503 ideoque
337 2464 392 2493 mirum
404 2473 436 2493 non
448 2465 494 2501 foret,
505 2465 518 2493 si
529 2465 603 2503 persicae
615 2473 679 2503 quoqne
690 2463 755 2502 linguae
765 2473 819 2503 pecn-

111 2506 186 2536 liaritates
198 2506 213 2534 in
225 2505 284 2535 idioma
294 2505 391 2536 ludaeorum
402 2514 478 2544 graecum
489 2506 611 2545 innnigrassent.
621 2506 641 2535 Et
648 2513 704 2534 revera
710 2513 760 2534 voces
768 2515 820 2545 quae-

110 2547 146 2577 dam
157 2546 232 2584 biblicae,
245 2552 262 2576 ut
273 2544 374 2585 a'pyapsdew
388 2555 457 2584 cogere,
469 2545 515 2583 patto
525 2547 615 2583 thesaurus,
626 2544 681 2580 μάγος
692 2545 762 2584 sapiens,
773 2558 819 2587 μαρ-

110 2588 182 2628 γαρίτης
193 2589 240 2625 nnio,
251 2589 351 2624 μεγιστᾶνες
361 2596 447 2626 proceres,
459 2588 532 2626 persicae
544 2588 608 2625 originis
619 2587 674 2615 merito
685 2585 769 2617 hahentur.
787 2588 821 2617 Sed

113 2638 149 2658 cnm
160 2629 240 2659 vocabula
252 2628 315 2669 singula
326 2628 368 2658 baud
380 2628 460 2657 sufficiant
471 2629 490 2657 ad
503 2627 584 2667 peculiare
596 2627 692 2656 elementum
703 2627 767 2668 linguae
780 2639 821 2658 eon-

110 2670 215 2708 stitnendnm,
230 2675 246 2699 et
261 2681 296 2701 cum
311 2669 387 2710 loquendi
397 2668 474 2699 formulae
486 2679 505 2699 ac
519 2669 646 2698 constructiones
660 2670 734 2707 persicae
745 2680 778 2700 non
789 2671 819 2700 ad-

111 2714 151 2743 sinlz
162 2713 252 2753 persicismi
263 2714 279 2743 in
290 2713 308 2744 ll.
315 2711 332 2743 T.
338 2717 399 2743 temere
410 2716 522 2742 statuerentur.
534 2709 654 2750 Gontrtngtert
660 2710 709 2743 herm.
716 2722 753 2753 pag.
760 2713 780 2743 90
786 2721 820 2753 seq.

630 2765 658 2801 5*
