1787 2921
796 88 824 125 81

61 196 122 225 nones
137 184 251 222 observandi
266 190 319 223 sunt:
334 188 355 228 a]
371 185 396 223 Si
411 185 456 222 duo
471 184 565 232 obiecta
579 184 708 222 materialia
723 183 827 222 indican-

61 241 99 278 tur
113 236 221 285 ideirtica,
236 241 276 276 aut
291 236 430 285 subjectum,
446 239 486 275 aut
501 236 673 287 praedicatum,
688 239 728 275 aut
743 236 827 286 copula

62 301 113 331 ecee
127 290 215 338 tropice
230 288 358 342 (significare,
373 294 531 339 repraesentare)
546 289 695 339 intelligenda
710 291 757 337 est,
774 302 792 326 r.
808 301 826 338 g.

62 344 132 383 Genes.
145 343 178 389 41,
192 344 315 393 ‘Zb'Septem
329 344 390 382 boves
405 373 410 380 .
425 373 429 380 .
444 373 449 381 .
464 348 508 381 sunt
522 347 595 393 septem
611 344 665 388 anni3
680 343 752 379 Daniel.
763 342 782 389 7,
794 341 827 380 24.

62 398 136 435 Cornua
152 424 156 432 .
172 424 177 432 .
191 425 196 433 .
210 408 268 446 reges
289 401 342 442 sunt3
361 397 393 434 lllt.
409 396 439 443 13,
454 396 486 435 38.
501 396 532 435 39.
550 399 606 447 ΙΑςετ
620 400 650 433 est
664 395 755 440 mundus,
773 406 827 432 mes-

61 459 117 489 sores
132 449 196 498 angeli
210 454 254 487 sunt
268 453 315 495 etc,
330 448 370 486 Gal.
383 450 403 494 4,
418 449 449 488 24.
464 449 570 487 Haecsunt
580 449 617 487 duo
628 452 751 491 testamenta;
765 447 826 495 ripae.

62 500 126 548 1,20.
145 501 221 548 Septem
236 501 303 538 stellae
318 501 381 550 angeli
400 506 445 539 sunt
458 506 531 549 septem
546 503 679 539 ecclesiarum.
699 502 722 549 β)
738 498 827 547 Quodsi

27 570 29 573 ⁴
61 563 122 592 uirus
137 563 164 590 ex
182 552 220 590 liis
237 552 343 591 terminis
358 554 472 601 [subjectum
489 559 520 591 ant
534 555 673 601 praedicatam)
687 563 730 601 per
743 561 827 600 prono-

62 615 114 645 men
129 605 336 643 demonstrativum
350 616 410 654 vage
425 616 453 642 ac
467 605 583 643 iudetinite
598 607 726 654 profertur,
746 603 827 642 distin-

62 657 177 707 guendum
192 658 239 704 est,
258 668 313 700 nuni
327 668 385 696 usus
400 657 520 705 loquendi,
535 657 652 695 hominurn
665 657 789 695 conventio
804 658 827 693 et

61 709 95 748 rei
110 709 234 747 destinatio
248 709 441 757 significationem
452 708 601 758 impropriam
610 709 718 756 postulet,
733 719 763 746 au
774 719 826 746 earn

62 761 175 800 excludat.
190 762 221 799 Sic
235 773 253 798 ν.
268 773 287 810 g.
302 763 374 809 siquis
390 762 449 810 digito
465 766 571 798 monstrans
587 763 687 809 imaginem
702 764 735 797 aut
747 760 826 809 figuram

63 813 118 850 dicit:
137 813 172 849 Hic
187 817 217 849 est
230 813 330 859 Socrates,
349 814 381 850 ille
400 817 430 850 est
443 814 509 850 Petrus
527 813 650 859 antrannis,
670 813 694 849 ob
709 813 793 849 rationes
808 813 828 847 in

62 875 136 902 canone
150 868 217 901 nostro
231 865 322 902 adductas
337 876 393 902 nemo
413 866 485 910 nescit,
504 865 583 902 verbum
603 875 655 902 esse
674 864 705 901 hic
724 864 827 911 improprie

62 916 163 953 adhibitum
179 916 270 954 denotare
284 918 297 953 i.
312 928 330 964 q.
344 918 531 965 repraesentare,
551 917 576 953 ita
590 920 611 953 ut
625 926 694 952 sensus
709 917 743 953 sit:
761 915 826 963 imago

61 968 110 1005 haec
123 972 256 1015 repraesentat
269 969 373 1014 Socratem,
388 980 424 1005 seu
439 970 486 1005 baec
500 970 562 1017 imago
578 973 608 1005 est
622 968 716 1012 Socratis,
732 968 781 1004 Petri
795 970 827 1003 aut

62 1019 119 1056 Pauli.
141 1019 214 1062 Quodsi
232 1030 278 1056 vero
298 1019 382 1056 Christus
400 1020 432 1056 lit.
452 1020 483 1065 26,
502 1020 533 1056 26.
548 1019 580 1057 28.
599 1020 654 1056 dicit:
673 1018 729 1055 τοῦτό
748 1020 787 1054 ἐστι
804 1016 826 1053 τὸ

63 1067 117 1116 σῶμά
130 1082 178 1117 μου;
194 1070 250 1106 τοῦτό
265 1072 303 1105 ἐστι
316 1070 338 1106 τὸ
354 1067 400 1116 αἷμά
413 1083 459 1116 μου,
473 1072 551 1107 uerbum
565 1070 604 1106 ἔστι
617 1071 705 1118 proprie,
721 1075 740 1107 et
754 1079 827 1116 prono-

61 1132 105 1158 men
118 1125 174 1157 τοῦτο
188 1122 290 1158 identicum
306 1133 348 1159 cum
364 1119 472 1167 praedicato
488 1121 519 1166 [τὸ
534 1121 588 1167 σῶμά
601 1135 636 1168 μου
649 1144 673 1148 -
684 1120 706 1157 τὸ
721 1118 766 1167 αἷμά
780 1123 826 1167 μου)

62 1173 206 1223 intelligendum
221 1178 256 1219 est,
272 1174 315 1221 quia
329 1184 385 1210 nemo
400 1175 481 1221 uuquam
496 1184 563 1221 panem
579 1174 680 1222 imaginem
695 1174 782 1221 corporis
798 1172 827 1208 sui

62 1225 115 1270 dixit,
129 1236 191 1272 neque
207 1227 260 1272 panis
275 1236 297 1261 ac
311 1226 374 1262 vinum
389 1226 412 1261 ad
427 1226 446 1261 id
461 1226 554 1262 destinata
569 1229 618 1272 sunt,
634 1230 653 1262 ut
668 1236 738 1273 corpus
748 1235 827 1261 acsan-

62 1278 138 1326 guinem
153 1276 234 1314 bominis
248 1281 403 1325 repraesentent,
421 1288 457 1314 nec
476 1277 558 1326 denique
572 1280 627 1313 τοῦτο
642 1277 665 1314 ad
680 1271 736 1324 dacor
751 1276 775 1314 ob
790 1287 827 1325 ge-

62 1329 114 1366 neris
129 1329 257 1366 diversitatem
271 1329 340 1366 referri
354 1334 423 1378 pariesi.
440 1365 448 1374 ,
505 1352 509 1355 -

116 1380 220 1428 subjecti
235 1382 373 1420 vocabulum
387 1385 509 1431 praeterea
527 1382 605 1430 docet,
625 1394 680 1421 ruun
699 1381 761 1421 adsit
775 1392 827 1430 pro-

62 1433 147 1483 positio
161 1435 314 1482 uuiversalis,
333 1435 481 1484 particularis
500 1447 531 1474 au
548 1435 688 1484 singularis3
707 1435 827 1484 praedica-

62 1488 111 1524 tuur
125 1497 182 1524 vero
196 1487 295 1534 iudicat,
314 1499 368 1526 uum
386 1488 501 1526 sententia
520 1488 588 1526 dubie
608 1486 720 1536 concepta
734 1487 777 1534 sit,
796 1498 826 1524 an

63 1539 202 1586 assertorie,
221 1550 252 1578 au
268 1540 336 1589 plane
350 1540 514 1578 necessitatem
527 1540 577 1579 sive
590 1540 757 1588 subiectiram,
776 1539 826 1577 sive

63 1589 203 1638 objectivaur
217 1592 327 1630 involvat.

116 1644 137 1680 2.
151 1643 194 1681 Ubi
208 1647 301 1692 praeter
314 1643 445 1691 subjectum
460 1647 482 1682 et
492 1644 650 1692 praedicatum
661 1645 757 1693 insuper
766 1644 826 1681 aliae

63 1694 118 1733 dicti
132 1698 211 1744 partes
227 1699 359 1743 accurrant,
376 1698 401 1733 ut
416 1708 486 1734 casius
497 1697 592 1744 obliqui,
607 1696 732 1744 adjectiva,
747 1696 828 1733 adver-

63 1747 102 1786 bia
117 1750 139 1786 et
153 1759 213 1796 quae
227 1759 307 1787 eorum
321 1749 371 1786 vice
385 1749 520 1796 stringuntur,
535 1760 562 1786 ex
574 1749 697 1787 collatione
708 1747 827 1786 uotiouunr

63 1800 155 1838 felicius
174 1801 250 1838 adhuc
270 1801 380 1849 cognosci
399 1804 487 1850 potest,
507 1813 622 1850 quaenam
640 1802 738 1840 termino
753 1800 827 1838 eriivis

63 1852 86 1890 in
100 1853 258 1901 propositione
272 1853 314 1891 tali
328 1853 468 1901 significatio
483 1853 641 1901 subjicienda,
659 1855 681 1891 et
699 1853 782 1901 quibus
802 1853 828 1890 li-

63 1904 157 1942 mitibus
172 1905 317 1952 singularum
334 1917 417 1943 vocum
436 1918 464 1944 ac
482 1906 554 1943 totius
573 1906 702 1944 seuterrtiae
720 1906 826 1954 potestas

63 1956 243 2004 constringenda
257 1956 299 2003 sit,
313 1969 356 1994 nam
371 1958 465 2005 ejusmodi
480 1960 620 2005 appositionum
630 1969 668 1994 non
678 1958 726 1994 alias
737 1961 767 1993 est
776 1957 827 2002 finis,

62 2009 99 2044 nisi
113 2013 134 2045 ut
147 2008 197 2045 hanc
210 2008 241 2044 vel
255 2009 304 2045 illam
319 2010 415 2045 notionem
431 2011 538 2046 accuratius
553 2009 684 2045 determinent.
699 2009 718 2047 Si
733 2011 797 2056 itaque

116 2063 140 2105 a)
155 2070 225 2097 casus
240 2060 347 2107 obliquos
362 2060 482 2108 adpositos
500 2060 665 2108 respiciamus,
683 2058 775 2107 πλήρωμα
789 2060 828 2097 oo-

63 2109 110 2147 loss.
125 2112 144 2157 2,
158 2111 177 2147 9.
192 2112 266 2159 qualem
282 2112 417 2160 plenitudinem
431 2112 537 2160 significet,
556 2113 627 2148 indicat
642 2112 716 2149 additus
731 2114 828 2161 genitivus

63 2165 96 2207 τῆς
109 2162 212 2208 derivator:
224 2163 257 2200 itt.
272 2165 290 2209 5,
305 2163 323 2200 3,
338 2164 370 2200 uhi
384 2175 449 2200 sermo
464 2168 493 2200 est
502 2164 526 2200 de
536 2171 623 2210 πτωχοῖς,
639 2175 677 2200 nou
688 2164 769 2212 intelligi
780 2175 829 2211 pau-

63 2217 157 2259 pertatem
172 2218 276 2261 externam,
291 2215 326 2251 sed
340 2215 439 2262 quemdam
454 2216 509 2251 animi
524 2219 604 2261 statam,
620 2215 677 2252 docet
692 2216 776 2251 adnexus
792 2215 829 2250 da-

64 2264 113 2300 tivus
127 2267 153 2309 aqi
167 2263 261 2311 πνεύματι,
282 2266 345 2303 Verba
363 2277 378 2303 s.
397 2266 448 2302 Pauli
465 2266 518 2302 Rom.
535 2266 552 2311 1,
568 2266 585 2302 3.
605 2266 629 2302 de
650 2266 725 2303 Christo
744 2266 828 2312 prolata:

63 2316 157 2362 peropima
172 2316 191 2352 ἐκ
205 2316 310 2364 σπέρματος
321 2319 384 2354 aava
402 2317 425 2354 ad
444 2318 542 2355 humanam
558 2317 628 2355 Christi
641 2322 726 2355 naturam
746 2318 829 2354 restrin-

65 2367 128 2416 genda
147 2379 202 2416 esse,
223 2368 332 2407 manifestat
349 2369 455 2419 adpositum
475 2367 523 2406 κατὰ
538 2367 606 2417 actaea.
626 2392 650 2398 -
672 2370 754 2408 Similem
773 2380 828 2406 usum

63 2425 162 2468 praestant

98 2483 101 2491 ·
118 2475 140 2520 b)
154 2472 282 2521 adjectiva,
297 2473 337 2512 ubi
351 2473 459 2524 adposita
472 2475 626 2514 inveniuntur.
648 2476 679 2513 Sic
693 2485 709 2510 v.
724 2485 744 2524 g.
758 2473 827 2512 Joann.

65 2524 82 2571 1,
99 2525 129 2566 ia.
141 2528 212 2565 'vocem
225 2526 265 2570 υἱός
278 2539 316 2565 uon
331 2528 415 2577 vulgari,
435 2529 469 2566 sed
488 2530 604 2575 sublimiori,
625 2528 702 2576 proprio
720 2527 828 2577 significatu

65 2580 194 2627 accipiendam
209 2591 260 2628 esse,
275 2581 332 2619 docet
346 2581 429 2619 additum
443 2580 545 2630 μονογενής.
566 2582 637 2618 Vocem
651 2581 734 2617 anona
748 2580 793 2619 Luc.
809 2582 828 2626 5,

65 2631 95 2668 29.
111 2645 149 2670 non
164 2634 282 2682 publicanos,
298 2635 331 2671 sed
347 2636 450 2683 portitores
465 2635 573 2684 designare,
588 2645 686 2671 monemur
701 2635 763 2671 addito
775 2631 829 2682 ὄχλος

64 2682 128 2727 πολύς.
149 2685 163 2723 1.
178 2686 224 2723 Tim.
238 2686 258 2734 4,
272 2687 290 2724 8.
310 2689 407 2725 notionem
427 2688 539 2724 substantivi
558 2687 647 2734 ymnaria
662 2687 775 2735 adjectivum
791 2700 828 2723 σω-
