1765 2921
63 93 108 140 204

64 190 134 229 talibus
148 191 238 241 indignae
252 191 377 231 addixissent.
392 213 417 221 —-
435 192 504 231 Contra
518 203 565 231 vero
578 191 622 231 libri
636 191 722 231 saerr'v.
736 191 767 240 b,
786 196 829 230 utut

65 244 177 291 antiquitate
191 254 258 282 omnes
272 244 321 282 alios
335 246 394 296 longe
409 250 506 294 superent,
520 256 531 283 a
544 244 686 283 monotheismc
698 244 829 295 progrediun-

65 300 107 342 tur;
123 295 184 333 Deum
202 307 259 342 unum
273 297 402 345 spiritualem,
421 298 560 335 sanctissimum
575 301 594 334 et
607 297 663 334 talem
677 300 831 345 repraesentant,

43 362 46 367 s
66 348 98 395 qui
111 347 149 385 fide
163 359 186 385 ac
200 349 294 395 probitate
308 349 387 395 colitur,
406 353 426 387 et
444 350 543 386 sacrificiis
562 349 648 386 externis
662 352 743 386 eatenus
757 352 829 385 tantum

62 399 179 444 delectatur,
195 403 288 446 quatenus
303 400 326 437 ad
340 401 416 449 pietatis
430 396 517 450 internae
531 401 703 437 manifestationem
717 398 829 436 offeruntur.

83 472 86 473 ν
119 450 255 497 stillatione
268 461 347 489 rerum
364 451 540 489 historicarum:
558 451 601 488 iibri
618 450 694 499 profani
712 450 830 496 absurdissi-

66 512 107 539 mas
121 502 229 551 geogcnias
243 504 348 549 somniant3
362 503 424 550 Pano,
437 503 545 551 Minervae,
559 503 636 550 Cereri,
649 501 740 551 Apollini,
753 500 829 539 Baccho

67 553 148 601 aliisque
166 553 239 591 altioris
259 553 331 593 ordinis
350 555 424 594 entibus
443 555 614 594 intervenientibus
628 565 691 593 rerum
705 565 796 592 novarum
811 557 831 591 et

67 607 134 643 artium
148 607 276 643 inventionem
291 607 409 654 adscribunt3
428 609 535 656 civitatum,
553 608 644 654 heroum,
662 607 777 656 principum,
791 607 830 643 imo

66 658 151 706 cujusvis
170 658 212 696 iere
230 658 313 697 familiae
331 659 432 698 nobilioris
451 661 541 711 origenes
556 672 566 698 a
581 660 660 698 deorum
678 659 759 708 quodam
776 658 830 697 deri-

65 715 116 749 vant.
130 733 157 739 —
174 709 211 749 Ast
223 711 243 749 in
257 712 323 761 primis
338 714 401 751 statim
414 714 470 752 lineis
483 714 506 751 V.
519 713 540 751 F.
553 713 618 751 mundi
632 714 704 751 creatio
719 712 831 761 simpliciter

67 764 95 804 sic
110 763 234 803 describitur:
254 765 287 814 ,ln
305 767 399 816 principio
418 767 491 805 creavit
507 766 559 805 Deus
576 765 651 804 coelum
665 770 685 804 et
698 766 791 814 terram,“
808 765 831 809 ,et

67 818 150 862 omnium
164 829 228 855 rerum
243 819 298 869 origo
312 819 376 867 modo,
391 820 423 868 qui
436 820 505 858 rationi
519 830 578 857 sanae
592 818 646 857 solus
656 819 754 867 probatur,
769 831 780 865 a
793 829 831 855 vo-

66 870 139 909 luntate
153 870 350 919 Jehovae*repetitur
368 873 513 921 omnipotentis,
532 872 677 921 sapientissimi,
697 871 831 921 benignissimi

67 928 125 972 atque
139 924 221 969 aeterni,
236 934 273 972 quo
287 924 403 972 imperante:
418 925 471 972 „Fiat
484 925 530 963 Ιιυιιι
544 925 595 963 iacta
609 928 639 962 est
652 924 691 971 lux,
703 934 744 972 ‘quc
753 923 831 962 volente

66 978 138 1026 primus
152 975 209 1014 homo
224 986 263 1014 non
277 977 353 1026 genitus
367 981 408 1024 est,
427 977 462 1015 sed
480 977 555 1027 elimo
569 982 633 1015 terrae
648 976 739 1014 formatus
754 980 773 1014 et
786 976 831 1014 ani-

67 1033 129 1067 matas
142 1039 178 1077 per
191 1028 307 1077 spiraculum
319 1030 376 1077 vitae,
387 1030 441 1078 quod
455 1031 555 1079 inspiravit
567 1030 626 1068 Deus.
646 1028 678 1067 Uti
690 1029 758 1076 Adam,
771 1030 797 1067 ita
812 1032 832 1066 et

67 1081 164 1119 Abraham
179 1084 199 1117 et
212 1081 281 1129 reliqui
295 1081 420 1129 patriarchae,
433 1082 523 1132 Moyses,
538 1085 596 1133 rege's
611 1086 630 1119 et
644 1081 831 1130 prophetae‚'quid-

4 1145 6 1147 ·
68 1144 144 1181 cunque
156 1133 198 1170 Deo
213 1133 318 1182 opitulante
336 1133 435 1172 effecerint
453 1135 517 1185 magni
535 1139 555 1172 et
572 1133 774 1184 admirationedigni,
784 1143 841 1182 enon,

68 1186 100 1224 alii
113 1186 174 1223 fuisse
188 1186 290 1232 sistuntur,
305 1197 359 1234 quam
374 1187 470 1235 homines,
484 1199 523 1225 non
538 1187 561 1224 ab
576 1191 620 1224 ente
634 1186 740 1235 superiori,
759 1185 794 1223 sed
808 1185 832 1222 ab

68 1238 175 1276 bominibus
190 1238 256 1286 geniti.
277 1238 349 1276 Eodem
367 1240 424 1277 modo
443 1251 507 1277 rerum
525 1250 623 1277 novarum
633 1242 653 1276 et
665 1240 733 1281 artium
746 1234 831 1275 inve'ntio

36 1333 45 1344 „
69 1290 181 1339 simpliciter
195 1290 315 1338 describitur,
330 1294 350 1328 et
364 1292 427 1330 causis
441 1291 557 1330 naturalibus
571 1291 665 1328 tribuitur.
683 1291 714 1329 Sic
727 1289 776 1334 Abel
790 1290 832 1338 pri-

68 1354 110 1380 mus
124 1342 189 1381 fuisse.
198 1346 286 1380 narratur
300 1344 363 1380 ovium
379 1347 456 1392 pastor,
476 1343 521 1394 (inin
538 1344 621 1393 primus,
640 1341 749 1392 quiagros
767 1342 832 1388 coluit,

68 1394 147 1433 Nimrod
161 1394 277 1432 fortissimus
291 1399 380 1443 venator,
399 1395 455 1433 Jubal
472 1400 528 1445 pater
546 1396 654 1432 canentium
673 1394 745 1432 cithara
763 1397 783 1431 et
797 1405 830 1431 or-

69 1456 132 1496 gano,
151 1446 255 1483 Tubaikain
268 1447 367 1484 malleator
386 1451 406 1484 et
419 1448 473 1484 taber
487 1448 506 1484 in
521 1451 589 1485 cuncto
604 1457 664 1494 opere
678 1446 729 1483 aeris
744 1449 763 1482 et
776 1444 833 1490 ferri;

69 1497 111 1535 Noe*
124 1498 154 1534 vir
168 1498 260 1545 agricola,
275 1499 308 1545 qui
322 1500 386 1546 coepit
400 1503 470 1536 terram
484 1509 577 1535 exercere
592 1502 612 1535 et
624 1498 699 1534 vineam
713 1497 806 1544 plantare.

123 1552 143 1596 γ)
157 1547 238 1587 Relate
252 1549 335 1587 adres
349 1550 472 1598 physicas:
487 1551 565 1587 aliarum
579 1549 664 1597 gentium
679 1548 782 1595 credulitas
796 1558 832 1585 su-

69 1601 180 1648 perstitiosa
195 1600 256 1637 solem
270 1604 290 1637 et
302 1601 372 1647 lunam,
387 1606 457 1638 terram
472 1605 491 1637 et
504 1603 564 1647 mare,
576 1600 652 1637 flumina
667 1599 774 1646 otiantes,
788 1599 833 1643 col-

69 1652 99 1690 les
114 1656 134 1689 et
146 1651 219 1698 valles,
239 1652 302 1701 sylvas
321 1656 341 1689 et
358 1652 422 1701 prata,
441 1652 521 1690 arbores
540 1656 560 1690 et
577 1652 624 1689 alias
638 1651 713 1701 plantas
727 1662 738 1689 a
753 1651 833 1690 deorum

71 1704 153 1753 quodam
168 1704 259 1741 animatas
275 1715 319 1741 esse
333 1705 399 1754 fingit;
417 1710 468 1743 astra
488 1706 563 1743 numina
580 1704 638 1742 habet
656 1704 749 1750 accolit,
769 1708 788 1742 et
800 1704 833 1741 vel

70 1757 159 1795 homines
174 1755 275 1794 defunctos
289 1758 339 1794 inter
352 1756 416 1795 sidera
431 1757 523 1805 collocat,
537 1758 579 1795 imo·
590 1756 755 1794 constellationum
770 1754 833 1794 studio

71 1814 128 1859 atque
142 1809 294 1858 interpretationi
309 1820 385 1858 operam
400 1821 470 1848 navare
484 1822 542 1849 verae
557 1806 661 1859 sapientiae
676 1820 720 1848 esse
735 1812 793 1858 putat.
807 1830 833 1837 —-

70 1863 141 1901 Verum
154 1862 198 1901 iibri
212 1864 263 1901 sacri
276 1864 299 1901 V.
312 1862 333 1901 F.
347 1874 358 1900 a
371 1864 404 1901 tali
416 1864 496 1902 vesania
511 1864 587 1901 omnino
606 1862 663 1901 alieni
680 1862 742 1900 omnia
756 1863 776 1900 in
790 1862 834 1913 glo-

71 1916 120 1955 riam
133 1916 170 1954 Dei
183 1920 204 1953 et
217 1916 241 1954 ad
254 1916 350 1955 hominum
364 1917 445 1955 salutem
460 1921 523 1955 creata
538 1927 583 1955 esse
598 1916 678 1964 docent,
697 1919 717 1953 et
731 1917 834 1965 praecipue

64 1969 198 2019 'astrologiam
212 1967 234 2007 ac
249 1970 332 2007 siderum
351 1969 421 2007 cultum
438 1974 460 2008 ut
478 1981 545 2007 omnes
563 1969 610 2007 alias
623 1968 743 2006 idololatriae
758 1969 834 2017 species

71 2024 188 2072 impugnant.
203 2021 235 2060 Sic
248 2033 266 2058 v.
280 2034 299 2072 g.
314 2021 408 2059 Jeremias
422 2033 506 2060 coaevos
520 2032 566 2071 suos
580 2026 645 2059 monet
660 2020 691 2067 10,
706 2020 735 2067 2.,
750 2031 774 2057 ne
784 2020 835 2058 coeli

72 2076 128 2124 signa
143 2079 282 2123 expavescant,
301 2085 350 2122 quae
368 2078 462 2111 terrorem
479 2075 572 2124 incutiant
590 2073 682 2118 ethnicis;
701 2074 720 2110 in
734 2072 783 2110 libro
797 2071 833 2109 Job
864 2075 869 2079 ’

74 2126 98 2165 de
115 2127 174 2165 rebus
188 2127 273 2176 physicis
292 2131 311 2165 et
328 2127 351 2164 in
366 2126 432 2174 specie
452 2126 476 2164 de
490 2127 547 2173 astris
565 2125 713 2174 tam-sapienter
727 2124 834 2172 disseritur,

73 2182 94 2218 ut
107 2179 165 2217 hodie
185 2181 240 2217 etiam
260 2181 343 2217 omnium
361 2179 483 2231 physicorum
502 2182 521 2216 et
538 2176 691 2215 astronomorum
709 2189 756 2215 vere
770 2177 835 2215 talium

73 2232 122 2270 ierat
136 2236 232 2280 punctum.
582 2236 583 2239 ’

88 2326 90 2329 ,
126 2284 167 2322 Ad
176 2280 321 2322 a'ntiracula
334 2282 420 2322 biblica
433 2283 482 2320 toto
497 2281 562 2321 coelo
576 2280 685 2320 differunt
697 2292 712 2319 a
722 2279 835 2335 prodigiis
843 2303 850 2310 -

74 2336 187 2376 librorum
206 2335 362 2383 ethnicorum,
381 2335 431 2373 sive
448 2345 528 2373 eorum
545 2334 657 2381 indolem,
676 2333 726 2371 sive
743 2334 836 2381 tenipus
870 2367 872 2369 .

74 2389 179 2439 ipsorum
192 2389 346 2438 patratorum,
365 2387 415 2426 sive
428 2387 509 2435 linem,
528 2386 578 2426 sive
597 2386 666 2424 fidem
685 2385 714 2423 iis
732 2384 836 2423 habitam

74 2441 256 2480 consideremus.
270 2439 317 2477 Nam
509 2448 516 2452 ·
645 2445 647 2448 ·
725 2483 727 2485 -

128 2497 150 2539 a]
165 2493 242 2541 quoad
256 2491 368 2530 indolem:
387 2491 449 2527 omnia
467 2491 557 2528 miracuta
571 2490 640 2528 biblica
654 2489 696 2527 Deo
711 2488 767 2538 digna
786 2492 836 2536 sunt,

13 2564 15 2567 ·
75 2545 117 2593 ejus
136 2549 215 2582 naturae
235 2543 329 2592 spirituali
350 2544 476 2589 conveniunt,
498 2543 577 2591 ejusque
598 2542 692 2578 sanctitati
712 2540 837 2588 respondent,

76 2597 119 2634 dum
132 2596 219 2646 prodigia
233 2596 331 2645 gentilium
345 2593 492 2633 absurdissimas
502 2594 665 2642 metamorphoses
675 2592 779 2638 involvunt,
793 2592 846 2639 qui-‚

25 2664 28 2668 ·
75 2649 112 2687 bus
126 2649 152 2686 dii
166 2649 185 2685 in
200 2659 277 2697 pecora,
290 2648 379 2685 homines
392 2647 412 2684 in
420 2656 482 2692 aves,
496 2645 552 2693 lupos
567 2649 586 2683 et
599 2645 663 2691 liores,
678 2643 752 2693 lapides
765 2644 785 2680 in
799 2644 837 2680 bo-

76 2701 147 2746 mines,
167 2700 234 2737 dentes
248 2699 267 2737 in
281 2699 378 2737 exercitus
393 2702 430 2735 etc.
449 2701 554 2744 mutantur,
572 2701 591 2735 ct
605 2698 623 2734 in
637 2707 710 2745 genere
723 2694 778 2742 lovi,
797 2694 837 2732 lato
