1787 2921
776 100 790 139 9

80 206 101 244 5.
114 203 262 254 perspicuum
276 204 299 241 et
312 201 381 240 facile
395 199 525 250 applicato,
544 209 604 247 quae
623 198 692 237 etiarn
710 199 753 237 dos
767 197 792 236 in

27 257 109 308 quovis
123 267 232 307 supremo
246 255 358 306 principio
373 254 455 293 merito
470 252 616 291 desideratur
624 250 648 301 ¹).
805 262 808 267 ·

79 311 109 348 Ex
122 310 177 348 dictis
189 310 228 359 jam
243 309 387 347 corollariorum
401 309 462 346 instar
476 310 581 354 sequentes
592 308 662 353 sponte
680 307 792 353 promanant

339 472 341 477 ,
381 436 436 488 es.

256 505 330 537 canones
341 505 456 536 hermeneutici
471 504 562 545 generales.
582 530 585 533 .

12 625 14 630 ,
83 595 102 632 l.
117 592 229 641 Quamvis
243 591 435 641 significationem
449 590 514 627 vocis
529 593 569 627 aaut
578 591 699 635 formulae,
714 599 793 636 quem·

29 646 85 685 libet
104 650 200 683 sensum
222 643 389 693 propositionis
410 643 545 680 constanter
565 640 673 687 rejicias,
694 640 734 687 qui
754 651 793 677 sn·

29 708 108 747 premo
131 696 317 734 hernreneuticae
337 693 450 744 principio
471 693 533 730 omni
554 704 581 730 ex
602 695 667 741 parte
688 694 793 740 spectato

29 750 97 799 plane
111 758 157 786 non
172 748 290 795 convenit,
300 749 312 785 i.
328 759 344 785 e.
360 747 392 795 qni
406 750 435 784 sat
449 746 527 794 cognito
537 745 578 782 slve
589 747 632 782 nsui
642 744 737 792 loquendi,
752 744 794 781 sive

30 795 127 838 contextui
143 797 240 847 orationis,
255 801 297 838 sive
312 799 417 838 conditioni
430 798 461 836 vel
475 798 561 834 internae
570 797 601 834 vel
611 801 702 834 externae
712 797 794 843 loquen-

30 853 54 890 tis
71 853 189 889 adversatur.
502 887 504 891 f

84 904 105 941 2.
119 903 176 952 Eum
190 902 346 952 siguificatmn
359 902 425 940 vocis
439 903 480 940 aut
488 900 611 947 formulae,
626 911 721 938 sensum
731 899 795 937 illurn

30 955 196 1006 propositionis
210 958 260 994 tuto
274 956 413 1005 amplectere
429 964 522 1001 verum,
542 953 582 1002 qui
600 963 709 1002 supremo
726 951 795 990 iuter·

31 1007 137 1058 pretandi
150 1007 262 1056 principio
277 1009 342 1046 solus
356 1007 487 1056 respondet.
763 1028 766 1033 =

84 1059 106 1097 3.
121 1059 210 1108 Quodsi
223 1070 279 1097 vero
293 1061 372 1108 plures
386 1058 568 1107 significationes
582 1057 648 1097 vocis
658 1058 699 1095 aut
708 1058 795 1095 formu-

31 1112 79 1159 lae,
98 1111 176 1160 plures
195 1111 323 1150 sentcntiae
341 1110 507 1161 propositionis
521 1111 555 1149 ita
568 1113 623 1150 sunt
637 1111 794 1159 comparatae,

31 1166 56 1202 ut
67 1163 177 1203 'omnibus
190 1164 234 1202 rite
248 1163 368 1214 perpensis
387 1163 461 1214 primo
480 1164 665 1203 hermeueuticae
682 1161 795 1212 principio

31 1216 172 1266 respondere
185 1217 343 1257 inveniantur:
357 1228 386 1256 ne
400 1217 502 1256 haesites
517 1217 581 1256 illam
594 1217 720 1267 praeferre,
736 1226 796 1264 quae

31 1270 192 1320 pluribusaut
205 1270 334 1320 potioribus
352 1270 434 1309 nititur
451 1270 593 1318 ratiorribns,
613 1271 636 1309 et
654 1270 683 1308 ob
697 1268 797 1307 facilita-

32 1324 78 1362 tem
97 1323 166 1361 simui
185 1324 370 1372 commendatur,
390 1335 434 1361 nam
452 1324 472 1361 in
490 1324 547 1362 dubio
566 1335 623 1361 nemo
641 1334 681 1360 non
700 1322 797 1367 cordatus,

33 1376 83 1424 quod
98 1376 184 1414 omnibus
199 1381 288 1414 accurate
300 1376 411 1425 ponderatis
425 1376 543 1425 probabilius
558 1380 594 1424 est,
608 1375 693 1426 praefert
707 1377 731 1423 ci,
746 1374 798 1424 quod

33 1433 63 1466 est
76 1428 137 1465 minus
152 1429 255 1476 probabile.
270 1429 318 1467 Hinc
332 1433 351 1467 et
621 1440 623 1442 ·

86 1480 107 1518 4.
128 1479 340 1530 interpretationem
360 1481 424 1520 illam
445 1481 574 1520 certissime
597 1481 685 1519 habeas
708 1491 796 1526 veram,

34 1544 93 1581 quae
108 1533 215 1571 omnitms
234 1534 336 1583 supremi
354 1533 461 1583 principii
479 1533 584 1583 partibus
603 1534 687 1583 optime
701 1544 797 1582 respon·

33 1585 78 1623 det.
91 1585 161 1622 Verum
469 1615 472 1618 ,

87 1637 223 1686 ὅμαινοαε,
244 1649 274 1677 ne
291 1638 504 1688 interpretationem
525 1650 577 1677 eam
595 1639 618 1676 et
635 1637 688 1677 ideo
709 1639 798 1676 habeas

33 1700 124 1737 veram,
144 1701 203 1739 quae
221 1693 243 1729 et
261 1691 316 1740 qnia
329 1692 370 1730 nni
383 1691 479 1730 alterive
492 1691 554 1741 parti
568 1691 670 1740 supremi
684 1690 798 1740 principii,

34 1752 55 1780 ν.
70 1754 91 1791 g.
104 1743 229 1790 contextui,
238 1744 346 1793 ‘apprime
361 1743 478 1792 congruit,
492 1743 588 1792 reliquis
600 1754 658 1782 vero
672 1744 748 1782 minus
762 1755 798 1781 re-

35 1795 132 1844 spondet
141 1796 178 1846 vel
188 1796 256 1845 plane
266 1797 412 1844 adversatur,
422 1809 439 1834 v.
450 1809 469 1847 g.
480 1798 523 1834 usui
531 1797 621 1845 loquendi
625 1810 631 1843 3
645 1808 688 1833 nam
698 1800 721 1842 a)
731 1808 798 1845 quem-

35 1848 134 1886 admodum
148 1849 229 1897 loquens
245 1860 291 1887 sana
306 1854 368 1887 mente
382 1849 479 1897 praeditus
490 1854 528 1887 tum
537 1850 580 1887 usui
590 1849 687 1898 loquendi,
702 1854 739 1886 tum
749 1860 799 1886 eon-

34 1901 101 1946 temni,
116 1905 155 1938 tum
170 1902 274 1939 conditioni
288 1913 335 1940 suae
349 1902 468 1940 omnimodae
483 1903 621 1940 convenienter
635 1903 719 1951 cogitata
728 1912 798 1938 sensa-

35 1963 72 2000 que
86 1964 121 1991 sua
134 1954 214 1992 vocibus
229 1954 344 1999 manifestet,
357 1966 440 1993 necesse
455 1959 494 1992 est:
508 1956 533 1992 ita
548 1959 568 1992 et
580 1956 675 2002 interpres
689 1955 732 1991 vice
742 1965 799 1991 versa

36 2006 122 2043 omnibus
143 2007 184 2044 istis
206 2006 346 2045 conditionibus
368 2018 429 2055 acque
450 2006 565 2053 satisfaciat,
589 2010 674 2055 oportet3
698 2011 798 2054 praeterea

0 2068 2 2072 ’
36 2057 58 2102 b)
72 2069 111 2095 non
126 2070 135 2094 a
151 2060 218 2107 quovis
233 2059 324 2108 loquente
339 2059 435 2108 postulare
449 2058 478 2096 fas
493 2063 528 2106 est,
543 2063 564 2096 ut
578 2070 600 2096 ea
614 2070 692 2108 semper
705 2060 801 2109 intelligat

0 2124 2 2146 :
36 2120 97 2157 eoque
112 2112 282 2158 modoadhibeat,
302 2124 350 2162 qnae
369 2116 388 2149 et
406 2122 443 2159 quo
463 2111 519 2148 modo
538 2111 621 2149 adbibita
634 2123 652 2148 u.
667 2123 685 2161 g.
702 2112 799 2150 contextui

0 2175 2 2202 5
36 2164 200 2210 repraesentando
214 2165 245 2202 vel
260 2162 364 2209 conditioni
379 2175 425 2202 suae
439 2163 589 2201 manifestandae
609 2169 675 2202 essent
692 2165 799 2213 aptissima;

36 2225 93 2253 secus
108 2217 158 2253 enim
172 2217 277 2270 scriptores
291 2230 344 2268 mere
358 2217 451 2255 classicos
465 2217 585 2254 haberemus

21 2416 23 2421 ·
58 2407 76 2445 1)
88 2407 154 2438 Paucis:
166 2407 260 2447 Suprcmum
272 2408 366 2448 principium
379 2409 399 2438 sit

0 2448 3 2453 '
90 2448 104 2479 1.
111 2459 172 2480 ,revera
184 2452 249 2490 pulmum
262 2460 291 2479 seu
302 2459 403 2490 supremum3

90 2491 105 2521 2.
116 2491 212 2530 universale,
225 2497 241 2522 et
252 2491 316 2532 quidem

116 2534 140 2573 n)
147 2533 209 2563 ratione
221 2535 296 2564 materiae
306 2538 324 2564 ut
335 2543 382 2573 snpra
394 2532 422 2564 snb
432 2534 452 2572 23

117 2574 134 2614 d)
146 2580 220 2612 respectu
234 2576 299 2614 formae,
312 2580 329 2605 nt
339 2576 369 2606 sub
381 2575 400 2613 3;

118 2616 136 2656 c)
148 2614 197 2645 relate
209 2616 230 2645 ad
241 2627 296 2654 usnm,
312 2618 333 2647 ita
345 2622 361 2647 ut
372 2618 427 2657 partim
440 2617 460 2646 sit
471 2616 553 2646 absolutae
565 2616 675 2654 necessitatis,
691 2618 748 2656 partim
759 2628 798 2658 per-

147 2656 219 2696 spicuuru
230 2662 247 2688 et
258 2658 305 2689 facile
317 2658 402 2699 applicant,
413 2663 431 2687 ut
441 2657 471 2687 sub
483 2658 492 2686 d
504 2662 520 2686 et
531 2657 545 2687 5.

325 2746 514 2754 --—-————-·-—-
