1787 2921
68 187 117 228 stum
132 196 198 228 contra
213 191 318 239 prophetae
331 193 439 239 vaticinium
454 193 566 239 permisisse
580 191 685 226 auditorum
700 191 778 227 arbitrio
787 203 833 227 cre-

69 242 116 291 dere
130 243 162 284 vel
176 255 218 285 non
229 243 320 295 credere,
339 243 399 284 Etiam
413 248 514 284 venturum
533 253 589 291 esse,
608 253 663 292 qnam
682 242 704 279 ab
724 253 748 280 eo
766 242 833 280 falsam

67 299 186 338 ludaeorum
200 300 309 348 opinionem
323 312 368 339 esse
382 295 511 349 adprobatam.
532 298 571 338 Sed
585 309 609 337 ne
624 297 661 335 hoc
680 296 754 346 quidem
768 297 833 335 verbis

69 350 139 387 Christi
152 354 213 396 inest,
228 353 255 397 si,
270 356 327 397 prout
340 363 386 388 usus
401 353 492 398 loquendi
507 352 596 396 admittit,
616 352 707 386 orationis
721 361 768 386 vcro
783 362 833 386 con-

68 404 132 439 textus
152 405 171 438 et
188 402 285 450 loquentis
305 403 404 439 consilium
423 403 517 450 postulat,
536 402 573 438 hoo
592 401 648 437 modo
664 404 795 458 exponuntur:
814 401 835 437 Si

68 456 132 495 missis
146 454 268 507 praeJudiciis
283 457 353 495 vestris
369 455 392 496 de
405 454 435 495 Eli
429 468 467 495 rae
473 466 557 507 persona
577 465 599 493 ac
613 464 692 493 munere
706 452 788 491 saniora
798 451 834 491 ad-

68 512 144 546 mittere
158 522 181 546 ac
195 511 271 546 discere
285 521 323 547 non
337 512 441 556 recusatis,
462 511 541 555 scitote,
560 510 633 547 hunc
628 521 689 557 rpsunr
707 508 800 545 loannem
815 511 835 545 et

68 570 108 596 non
122 556 178 596 alium
193 571 237 596 esse
250 561 317 605 Etiam,
333 572 389 606 quem
399 562 516 606 proditurum
525 565 578 597 recte
589 562 654 596 credit'
642 565 673 596 trs.
690 560 754 595 Verba
765 560 835 595 Christi

68 612 105 651 hac
118 612 193 651 ratione
208 615 287 661 accepta
302 614 372 649 tanturn
387 611 446 660 abest,
461 615 482 649 ut
495 611 676 649 accommodationis
686 611 768 661 positive
783 610 835 659 dog-

48 691 51 693 ·
68 668 150 709 maticae
164 667 272 716 exemplum
286 667 397 714 exhibeant,
416 671 437 704 ut
456 666 518 715 potius
538 665 630 713 doceant,
649 665 725 714 Jesum,
745 664 820 715 quod
814 676 834 704 ιιι

69 721 163 756 sententia
177 719 293 755 ludaeorum
307 719 331 755 de
339 719 397 755 Eliae
404 719 564 755 adventu‘verum
574 724 621 764 erat,
636 719 766 764 confirmasse,
782 719 834 765 quod

70 774 133 806 autem
145 769 171 806 de
185 770 227 817 ejus
241 779 325 816 persona
339 779 362 805 ac
376 780 455 805 munere
470 773 511 805 erat
525 779 638 814 erroneum,
653 770 781 805 correxisse
791 770 834 804 De-

69 823 127 874 nique
141 821 184 862 dum

123 881 174 923 cjs.
188 877 256 914 Paulus
271 877 313 915 Act
328 877 359 923 lb,
374 876 393 914 3.
412 854 534 914 Timotheum
549 880 628 925 propter
647 875 732 914 ludaeos
750 876 834 913 circum-

70 929 142 964 cidisse
155 929 251 976 legitur,
246 939 288 974 rpsa
301 940 334 965 res
345 906 409 972 docet,
423 940 463 965 non
473 929 503 964 de
508 929 683 965 accommodatione
693 929 775 975 positive
785 929 835 976 dog·
874 955 878 960 ,

69 979 145 1025 matica,
160 978 194 1016 sed
209 977 232 1014 de
246 978 315 1015 morali
329 982 399 1015 tantum
414 979 495 1028 cogitari
509 989 575 1025 posse,
590 989 627 1025 qua
636 979 742 1028 Apostolus
757 979 835 1025 opinio-

70 1046 114 1073 nem
127 1033 242 1073 Judaeorum
257 1036 277 1072 et
290 1030 525 1073 iudaea-Christianorum
541 1031 564 1072 de
578 1035 671 1083 perpetuo
686 1031 736 1085 legis
745 1040 835 1070 cereum-

69 1088 125 1124 nialis
139 1088 205 1124 valore
220 1087 343 1124 confirmasse
358 1087 396 1124 diei
409 1089 485 1135 nequit,
505 1099 547 1124 cum
561 1088 608 1124 alins
621 1088 708 1135 repetitis
727 1088 801 1124 vicibus
816 1090 835 1124 et

70 1138 122 1174 clare
137 1139 213 1180 doceat,
228 1139 392 1173 circumcisionem
411 1143 430 1174 et
444 1142 524 1185 generat
525 1140 549 1173 im
564 1139 614 1185 legis
628 1141 725 1174 mosaicae
739 1139 834 1175 observa-

70 1188 141 1228 tionem
155 1187 267 1226 Christianis
282 1187 357 1226 minime
375 1189 504 1225 necessariam
519 1197 575 1251 esse,
594 1192 622 1227 et
631 1177 745 1226 contrarium
760 1189 835 1225 docen-

70 1245 120 1283 tibus
135 1247 245 1283 constanter
260 1247 279 1282 et
292 1243 318 1282 ita
332 1242 456 1292 adversetur
475 1246 496 1281 ut
510 1243 538 1282 eis
551 1242 583 1282 vel
597 1242 678 1283 salutem
691 1255 726 1294 per
740 1241 834 1283 Christum

70 1297 192 1334 obtinendam
207 1297 297 1345 deneget.
312 1296 349 1333 Cir.
364 1298 404 1334 Gal.
419 1299 437 1342 5,
451 1273 511 1335 ’2-4.

125 1348 254 1393 Quaecunque
270 1351 369 1392 praeterea
384 1359 400 1383 s.
414 1349 524 1393 Scripturas
538 1348 581 1384 loca
595 1348 625 1384 vel
641 1359 677 1384 ceu
692 1349 790 1395 exempla,
804 1350 835 1385 vel

70 1409 107 1450 qua
126 1397 234 1438 testimonia
252 1398 432 1437 accommodationis
453 1397 517 1436 iactae
538 1401 660 1448 promuntur,
681 1399 707 1435 ita
726 1403 835 1449 comparata

70 1458 125 1502 sunt,
140 1459 160 1492 ut
173 1454 241 1503 partim
256 1454 317 1492 solum
332 1454 513 1498 accommodationis
528 1459 561 1492 aut
575 1453 730 1505 paedagogicae,
745 1459 777 1504 aut
791 1465 835 1493 mo-

69 1508 126 1552 ralis,
141 1510 173 1542 aut
187 1506 211 1542 ad
225 1518 317 1550 summurn
330 1508 555 1556 negative.‚dognraticae
570 1509 651 1555 vestigia
666 1520 712 1554 prae
726 1519 748 1545 se
762 1509 835 1553 ferantJ

69 1558 137 1605 partim
152 1558 257 1592 sententias
269 1557 356 1603 Judaicas
371 1558 484 1601 exhibeant,
502 1569 551 1602 quae
570 1558 643 1602 absque
661 1559 784 1594 fundamento
803 1563 836 1593 te-

69 1609 148 1649 nuiores
163 1611 195 1648 aut
209 1606 268 1648 falsae
282 1612 386 1655 vocantur,
406 1620 423 1647 v.
438 1620 455 1661 g.
471 1607 513 1646 dum
529 1607 614 1647 Christus
628 1607 696 1647 Joann.
711 1609 730 1657 8,
741 1608 777 1647 044,
792 1608 836 1647 dia-

70 1665 134 1703 bolum
149 1664 171 1702 ab
184 1661 240 1701 initio
253 1664 365 1702 homicidam
375 1663 440 1702 vtuisse
457 1663 509 1702 dicit.
523 1686 550 1692 -
568 1664 681 1703 Omnibus
700 1664 765 1703 hisce
784 1676 835 1714 per-

70 1716 150 1764 pensis
168 1716 193 1752 in
211 1716 291 1763 aprico
310 1718 358 1761 est,
376 1718 480 1763 sttema
498 1718 724 1755 accorrrmodationis·
735 1718 835 1766 positive

71 1766 218 1813 dogmaticae
236 1776 290 1802 esse
310 1742 409 1811 farsum,
431 1766 538 1813 impium,
557 1770 580 1833 et
598 1778 689 1804 ornnem
707 1771 836 1805 revelatam

69 1817 204 1871 religionem
219 1820 333 1860 evertens.

408 1937 428 1983 s.
446 1935 498 1974 ιιι.
545 1924 547 1926 ’

378 2000 393 2032 3.
407 2001 441 2042 Arg
431 2006 527 2032 rumentum.

123 2085 147 2122 Ut
160 2085 272 2123 revelatio'
267 2098 286 2122 m
301 2096 327 2123 ss
341 2085 394 2123 libris
410 2086 497 2134 deposita
515 2085 606 2122 subsistat
620 2090 639 2122 et
653 2086 767 2126 universalis
783 2089 836 2127 utili-

71 2138 114 2172 tatis
129 2148 173 2173 esse
187 2125 254 2183 possit
268 2148 368 2183 supremus
383 2138 457 2183 quidam
465 2138 527 2183 judex
537 2138 606 2178 adesse
616 2138 679 2183 debet,
694 2141 732 2185 qui,
748 2146 794 2186 quot
795 2144 837 2178 ies-

71 2183 147 2236 cunque
161 2187 292 2234 interpretatio
310 2187 377 2223 horum
394 2187 484 2223 librorum
505 2187 597 2236 divergit,
617 2192 669 2224 certo
689 2189 762 2225 deceat
763 2203 836 2238 ,quae

72 2240 163 2288 tenenda,
178 2253 227 2290 quae
241 2252 288 2280 vero
302 2240 406 2292 rejicienda
421 2240 469 2288 sint;
488 2251 523 2279 sru
536 2243 613 2291 praeter
630 2241 745 2292 interpretes
760 2218 835 2283 doctri-

70 2296 124 2332 nales
139 2297 233 2342 interpres
248 2296 368 2332 authenticus
383 2296 442 2342 adsit,
462 2306 544 2333 necesse
563 2299 599 2332 est.
620 2295 680 2333 Ροιιο
695 2298 790 2345 interpres
803 2300 836 2337 hic

29 2383 34 2385 ,
70 2347 191 2382 authenticus
210 2347 297 2381 omnibus
317 2347 368 2382 aditu
382 2348 443 2383 tacitis
458 2358 503 2383 esse
518 2347 585 2390 debet,
604 2351 624 2382 ut
642 2348 750 2384 immediate
768 2352 791 2385 ab
812 2363 835 2387 eo

69 2386 147 2435 discere
162 2396 247 2446 possint,
265 2406 302 2433 nec
322 2394 396 2433 alienae
415 2397 496 2444 obsequi
511 2397 620 2433 auctoritati
634 2401 740 2435 teneantur
763 2400 836 2443 Quem-

71 2450 176 2491 admodum
192 2455 255 2490 autem
275 2449 335 2490 civilis
354 2450 419 2502 legum
438 2450 534 2489 codicis
529 2454 556 2489 nrt
558 2462 613 2501 erpre
615 2454 643 2490 es
615 2449 777 2493 tdoctrinalcs
793 2460 837 2495 sunt

67 2504 212 2552 jurisconsulti,
231 2503 326 2552 interpres
344 2517 391 2542 vero
410 2506 529 2542 authenticus
549 2506 590 2552 ipse
609 2506 719 2554 legislator:
739 2510 764 2546 ita
783 2517 803 2549 et
820 2527 836 2551 s,

71 2556 188 2601 Scripturae,
203 2566 251 2600 quae
266 2556 330 2602 legum
345 2556 449 2592 divinarum
462 2556 600 2591 revelationem
615 2558 705 2601 continet,
720 2560 836 2608 interpretes

71 2605 187 2646 doctrinales
202 2609 246 2644 sunt
260 2604 328 2644 eruditi
342 2605 434 2659 theologi,
448 2606 543 2656 interpres
557 2614 604 2641 vero
615 2606 733 2645 authenticus
743 2611 785 2660 ipse
795 2615 836 2664 ejus

71 2666 145 2708 auctor,
159 2673 207 2711 ergo
221 2663 299 2710 proprie
313 2662 372 2703 Deus,
396 2661 441 2699 Cum
456 2665 519 2699 antem
532 2660 593 2699 Deum
608 2661 716 2713 immediate
731 2665 784 2706 adire
799 2682 836 2709 ne-

72 2718 142 2760 queant
155 2714 249 2760 homines,
265 2716 417 2763 quotiescunque
435 2715 550 2761 interpretes
569 2714 685 2752 doctrinales
704 2717 723 2753 in
742 2721 835 2761 determi-

647 2776 687 2811 13*
