1765 2921
50 124 93 163 44444

50 221 146 260 cieirclas
165 233 218 261 esse
235 223 359 285 praecipit,
379 224 445 272 quales
463 226 508 261 sunt
527 223 550 261 de
565 226 644 260 auctore
659 227 678 261 et
691 224 757 273 primis
770 224 817 262 lec-.

48 276 152 324 toribus,
144 274 168 312 dc
183 278 287 314 occasione
302 283 321 314 et
331 277 418 324 consilio,
433 277 456 314 de
465 281 578 326 argumento
589 276 670 337 ejusque
680 277 813 326 dispositione,

49 328 73 365 40
87 318 152 377 lingua
167 329 255 379 originali
270 333 289 366 et
303 330 411 366 elocutione
426 333 463 366 cto

104 380 126 418 2.
140 380 275 419 Lectionum
289 380 438 428 variantium,
453 380 537 429 quibus
552 391 637 419 sensus
652 380 762 428 0444044444,
776 392 815 419 ac-

41 435 157 471 curatum
171 444 267 471 04040044
280 432 399 480 instituat,
419 435 441 471 et
458 444 502 482 pro
520 431 606 480 majori
616 435 815 482 argumentorum

47 486 98 523 tum
116 487 262 524 externorum
280 487 329 524 tum
350 485 493 524 internorum
514 486 616 536 pondere
635 486 673 524 vcl
691 486 814 524 lectionem

48 539 132 585 tentus,
147 538 184 575 vel
197 549 268 576 unam
283 550 295 577 0
308 538 455 577 variantibus
469 538 647 587 praeferendam
661 549 714 577 esse
723 539 814 577 doceat.

102 589 124 628 3.
139 591 296 638 Quaecunque
309 591 347 629 vel
361 590 499 640 philologiae
513 592 550 629 vel
559 591 729 630 hermeneutice
744 590 815 629 dubia

50 642 181 681 autminus
196 644 261 681 certa
275 654 304 680 ae
320 643 409 693 liquida
423 645 490 691 sunt,
509 644 590 682 sedulo
609 644 733 693 expendat,
752 643 816 682 4400-

50 706 95 744 que
108 706 177 733 usum
192 695 301 744 loquendi
315 695 428 735 incertum
440 696 546 746 pluribus
555 696 703 744 testimoniis,
718 696 739 735 si
748 707 816 746 prae-

50 750 87 786 sto
102 750 165 794 suut,
180 748 330 795 demonstret,
345 751 386 787 aut
400 750 483 787 saltem
497 749 708 798 opeetyinclogtac
722 751 745 787 et
759 759 815 786 ana·

50 800 126 849 legiae
144 800 238 849 linguae
257 803 279 839 et
298 800 350 849 eius
365 801 516 840 dialectorum
535 801 565 839 ad
579 800 693 849 majorem
707 800 815 850 probabi-

50 853 123 892 litatis
143 853 241 902 gradum
261 853 373 901 aduncae,
393 865 462 892 usum
480 853 589 902 loquendi
607 864 693 902 vagum
708 854 816 904 'ad-cou-

50 908 150 953 textum,
165 905 319 944 conditionem
333 906 460 955 loquentis,
475 905 608 954 analogiam
621 906 675 945 44404
689 905 778 955 exigat,
792 907 815 944 et

52 958 188 1006 ubicunque
197 960 279 1008 notatu
293 958 384 1020 dignior
393 958 501 996 ffvaiietas
513 959 729 1007 interpretationum
738 960 816 997 locum

51 1011 133 1057 habet,
152 1011 181 1048 ab
200 1021 280 1049 earum
300 1010 404 1049 examine
421 1010 539 1049 abstinere
557 1011 621 1049 nullo
639 1011 708 1051 modo
722 1011 815 1061 poterit,

52 1074 81 1102 ue
95 1066 182 1101 temere
196 1063 298 1111 aliquam
312 1063 452 1112 praetulisse
467 1058 597 1102 censeatur.

104 1116 125 1153 4.
139 1115 182 1153 Ubi
196 1115 330 1154 obscuritas
344 1115 514 1174 ambiguitasve
529 1127 543 1154 a
557 1115 670 1165 peculiari
683 1127 760 1154 rerum
772 1117 815 1154 aut
861 1115 863 1117 ’

50 1178 204 1218 personarum
225 1167 363 1206 bibliearum
384 1166 516 1207 conditione
540 1168 634 1218 pendet,
657 1179 704 1207 non
724 1170 816 1207 tantum

51 1220 180 1270 simplicem
195 1220 375 1269 descriptionem
389 1220 482 1260 illarum
495 1221 619 1270 praebeat3
637 1221 679 1259 sed
693 1221 770 1260 fontes
784 1221 816 1259 si-

50 1274 111 1321 mul,
129 1273 191 1311 uude
204 1274 265 1311 hane
269 1273 433 1322 coguitionem
452 1273 567 1320 hauserit,
586 1273 700 1320 rrourinet,
717 1273 817 1323 ipsaque

50 1327 155 1364 veterum
174 1325 314 1374 scriptorum
334 1326 387 1363 loca
408 1326 511 1372 0440404,
532 1337 546 1363 0
564 1325 662 1373 quibus
666 1327 716 1363 tum
736 1336 815 1364 rerum
838 1323 842 1327 ’

51 1378 149 1425 indoles,
164 1379 213 1416 tum
227 1388 380 1427 personarum
395 1377 496 1416 00044440
510 1377 652 1425 intelligitur.

48 1474 50 1478 ¹
105 1431 126 1469 5
140 1429 282 1477 Ejusmodi
275 1440 300 1468 m
313 1430 380 1477 locis,
394 1430 435 1468 ubi
449 1430 527 1478 agitur
541 1430 569 1467 de
582 1429 653 1469 rebus
668 1429 721 1468 tidei
736 1423 816 1468 etmo-

50 1493 110 1530 rum,
125 1483 155 1520 ad
169 1482 355 1521 aedificationem
363 1482 484 1520 doctrinae
492 1481 635 1521 christianae
644 1482 817 1531 pertinentium,
834 1529 837 1530 ⁷

51 1546 146 1574 sensum
167 1535 280 1573 ecclesiae
301 1537 427 1584 proponat,
448 1533 547 1583 ejusque
569 1534 744 1583 congruentiam
762 1545 816 1572 cum

50 1588 129 1626 verbis
143 1589 219 1625 textus
234 1586 297 1625 sacri
311 1587 419 1625 ostendat
432 1586 585 1635 vindicetque.

105 1640 126 1677 b.
145 1640 171 1677 ln
185 1639 292 1677 mediatis
307 1638 397 1676 dicendi
416 1638 540 1687 generibus
558 1637 651 1676 biblicis
668 1637 744 1687 primo
762 1649 817 1676 sen·

52 1703 106 1730 sum
120 1692 286 1736 40444044οί004,
301 1691 353 1729 4040
367 1691 493 1729 mediatum
508 1691 607 1739 exponat
621 1692 643 1737 et
656 1691 747 1739 prebet.

107 1744 127 1781 i.
142 1743 167 1781 Si
182 1743 234 1781 loca
248 1743 275 1781 V.
290 1743 313 1781 F.
327 1743 351 1781 444
364 1743 390 1780 N.
403 1743 427 1781 Τ.
442 1742 579 1789 afferuntur,
595 1753 675 1780 eorum
690 1742 817 1781 allatorum

51 1798 100 1835 tum
115 1796 221 1843 modum,
241 1797 290 1834 tum
308 1796 378 1834 linem
392 1795 539 1842 determinet,
559 1796 582 1833 et
595 1795 657 1833 4444440
671 1794 818 1843 argumentis

52 1849 134 1887 limnet.

105 1902 126 1940 8.
145 1900 180 1938 Ad
193 1899 280 1940 nostri
287 1899 339 1938 aevi
353 1876 492 1948 indigentias
511 1898 640 1948 respiciens
653 1898 739 1946 ubique
753 1898 819 1949 solli-

52 1953 97 1992 cite
116 1952 231 1997 0404044404
248 1952 449 1999 demonstretque,
467 1953 545 1989 utrum
563 1951 660 1999 loquens
680 1962 692 1989 0
711 1961 767 1997 sua,
785 1962 817 1988 an

52 2017 79 2044 04·
93 2006 193 2044 aliorum
207 2004 323 2044 sententia
337 2004 431 2053 dixerit3
450 2014 505 2042 num
524 2006 607 2042 auctor
624 2014 695 2042 sacer
709 2004 816 2041 eventum

52 2058 230 2104 miraculosum,
250 2067 281 2094 an
295 2056 425 2094 naturalem
444 2056 577 2093 describere
594 2055 707 2101 valuerit,
724 2065 818 2103 pugnas
840 2058 844 2061 “

52 2121 108 2148 vere
121 2111 181 2147 tales
196 2110 256 2147 iuter
269 2108 396 2158 inspiratos
411 2119 458 2146 non
472 2107 564 2156 adesse,
578 2118 653 2155 neque
665 2107 769 2154 mythum
783 2108 817 2145 ul·

52 2162 93 2200 libi
108 2161 199 2200 narrari
214 2161 332 2207 ostendat,
351 2162 374 2198 et
392 2161 530 2209 argumenta
548 2159 737 2197 adversariorum
755 2163 818 2197 vana

3 2223 6 2225 ’
53 2215 127 2253 solide
141 2213 233 2250 refutet.

106 2267 127 2304 9.
142 2265 279 2303 Versionem
297 2266 320 2302 et
336 2263 504 2313 paraphrasin,
524 2262 545 2301 si
563 2273 609 2300 nou
628 2262 761 2301 continuam
780 2274 819 2301 ex-

53 2319 139 2365 hibeat,
155 2317 187 2355 ibi
201 2317 284 2359 saltem
298 2326 345 2354 non
359 2315 450 2364 penitus
465 2314 574 2363 negligat,
588 2315 629 2353 ubi
642 2317 682 2353 aut
695 2315 820 2353 versiones

53 2369 171 2410 exstantes
187 2367 338 2417 corrigendae
352 2368 416 2413 surrt,
436 2368 477 2404 aut
495 2372 575 2405 nexus
585 2368 742 2405 membrorum
760 2367 819 2416 logi-

53 2435 95 2463 cus
110 2422 204 2462 obscur
198 2433 234 2460 404
248 2422 294 2467 est,
309 2430 380 2468 quam
393 2422 419 2457 ut
433 2420 521 2468 absque
535 2419 675 2468 paraphrasi
690 2420 753 2457 clare
759 2431 819 2469 per-

54 2476 173 2526 spiciatur.
187 2447 294 2521 lienique,
348 2491 352 2496 =>

109 2527 144 2566 lo.
159 2526 242 2576 quodsi
257 2522 335 2572 major
348 2522 563 2572 interpretationum
577 2522 680 2561 varietas
694 2522 819 2570 invenitur,

29 2582 33 2585 “
54 2582 77 2618 et
90 2580 135 2618 loci
150 2581 191 2617 arnt
205 2580 239 2617 404
253 2577 359 2626 gravitas
373 2575 501 2624 longiorem
516 2575 703 2613 dissertationem
713 2576 818 2624 requirit,

54 2643 114 2679 quae
128 2632 227 2669 hunam
239 2631 310 2668 44440444
324 2628 460 2669 necessaria
474 2629 539 2673 sunt,
553 2638 600 2664 non
614 2626 637 2665 in
652 2628 818 2665 connneu'tario

54 2685 106 2724 4000
122 2684 277 2732 competente,
292 2679 355 2721 sed
348 2690 373 2719 m
386 2679 432 2719 44440
445 2678 511 2727 libri,
530 2679 554 2718 40
567 2679 724 2729 peculiaribus
739 2686 818 2718 04004-

54 2737 120 2777 sibus
137 2736 235 2775 0440404.
