1787 2921
303 170 307 172 ,
335 183 443 228 Articulns
459 182 484 225 ll.
516 183 518 185 ’

63 261 85 292 De
96 261 166 302 foralibus
178 260 283 298 55555155ίῶ555,
296 271 304 290 5
315 261 370 301 quibos
381 270 421 290 5555
432 258 506 299 loquendi
516 267 530 288 s.
540 257 635 297 scripturae
646 257 753 296 capnoscitur.

749 308 777 332 tat
778 315 792 331 555

24 346 42 383 0.
53 345 79 375 to.
91 344 191 385 Quotuplicis
203 346 267 386 generis
280 345 361 375 lontest
344 350 361 375 et
372 344 442 374 subsidia
454 341 544 373 adhibenda
557 341 593 378 sint,
606 345 643 370 ctu
616 340 717 380 tugndeoo
718 349 749 370 no-
765 316 777 337 l

89 392 215 450 scatur½quem
231 397 275 417 usum
291 386 369 426 loquendi
383 385 450 426 singulis
467 387 482 415 in
498 384 538 415 locis
554 383 601 423 scqni
612 387 688 422 oporteat
699 384 748 413 inter·
771 424 793 453 w

88 435 160 469 preterit.
173 446 747 458 ......................................................

402 519 420 561 a

26 582 49 612 De
59 582 129 622 fontibus
141 587 155 611 et
165 580 296 610 solstitiis-asma
308 581 381 621 loquendi
391 592 403 610 5.
415 582 510 621 Scriptorne
520 580 630 621 5595555550,
643 585 720 619 qrtntetms
732 584 754 608 est
765 579 793 608 lte-

153 622 218 652 troicus
229 628 257 652 555
268 622 367 661 515515155555,
379 628 394 653 55
404 624 422 653 in
433 623 479 653 libris
489 624 552 663 praecis
563 622 662 652 0555555555.

25 698 43 734 0.
55 695 80 725 41,
92 695 103 725 l.
115 694 139 725 De
151 694 221 725 fontibus
228 715 694 727 ............................................
773 693 791 723 rt

138 736 162 766 De
174 736 258 768 traditione
270 737 323 777 quoad
335 748 380 768 5555555
393 738 470 779 loquendi
482 736 573 767 hebraicum
585 740 680 767 conservata

27 781 46 816 0.
57 778 83 808 49.
94 779 134 818 A)'
130 788 145 808 1n
157 778 257 809 versionibus
269 780 338 820 antiquis
346 800 522 810 .................

28 823 46 859 0.
58 820 84 851 43.
96 821 133 861 Β)
129 830 144 850 55
157 820 265 870 scriptoribus
274 822 342 862 antiquis
347 842 522 852 .................

28 865 46 900 0,
57 862 83 892 lt.
94 863 132 903 CJ'
128 872 144 893 m
156 864 274 893 commentariis
286 867 303 893 et
313 863 369 895 lexicis
380 864 490 895 rabbinorum.
675 894 679 896 .

26 906 45 943 0.
57 904 83 935 45.
94 904 113 935 ll.
125 904 149 935 05
160 904 235 936 subsidiis
240 923 749 937 .................................................
774 904 794 934 77

78 980 82 984 1
108 972 122 997 ⁴
402 995 419 1039 2
542 955 546 970 l

44 1059 67 1089 De
77 1059 149 1099 futilibus
160 1065 175 1089 et
185 1060 260 1090 subsidiis
273 1070 319 1090 nsum
330 1060 404 1100 loquendi
414 1070 426 1089 s.
438 1060 533 1099 Scriptrcrne
544 1059 655 1100 cognoscendi,
666 1064 744 1099 55515555
758 1065 781 1090 est

304 1110 306 1113 '
325 1112 398 1142 proceris,
410 1102 497 1141 etquidem
734 1119 736 1122 -

28 1173 749 1213 §.16.l.Commums
775 1176 796 1207 78

28 1220 45 1256 0.
56 1218 82 1248 tt.
94 1217 187 1249 titulans
200 1217 285 1257 peculiaris
293 1238 750 1247 ...........................................
775 1219 796 1249 79

365 1317 370 1329 -=
406 1306 417 1348 5

144 1371 167 1401 De
177 1371 248 1410 fontibus
260 1376 274 1422 et
284 1371 358 1402 subsidiis
368 1381 406 1401 55555
417 1371 491 1411 loquendi
500 1371 520 1401 N.
533 1371 558 1409 Τ.,
570 1377 647 1411 patalenes
659 1376 681 1401 est

30 1446 47 1482 0,
59 1444 85 1473 ts.
97 1433 196 1474 Christianus
209 1464 751 1474 ...................................................
776 1444 797 1475 80

31 1488 47 1524 0.
59 1486 84 1516 49,
97 1485 185 1516 Conclusio
198 1485 243 1523 hujus
255 1486 332 1516 sectionis
339 1507 752 1517 .......................................
776 1485 822 1518 81?

339 1593 434 1639 Sectio
451 1593 487 1637 ll.

209 1670 237 1708 De
251 1681 311 1708 555555
324 1670 439 1707 inveniendo
455 1681 492 1718 ope
507 1681 543 1707 con
544 1674 614 1708 t.extus

31 1755 48 1791 §.
59 1754 85 1784 50,
97 1751 138 1790 Quid
149 1758 174 1783 555
186 1758 274 1791 contextus,
287 1758 303 1783 55
314 1762 343 1783 cur
354 1753 435 1792 interpreti
446 1752 571 1792 respiciendus‘l
565 1774 751 1784 ...................
776 1755 797 1785 82

32 1797 69 1833 §.n
60 1795 85 1825 5,1
98 1794 184 1824 Contentus
197 1794 311 1825 55555555,...;
317 1815 752 1825 ...............................
777 1797 798 1827 83

32 1839 48 1875 0.
60 1835 142 1867 52505555
155 1837 264 1875 cognoscitur,
277 1845 319 1876 quae
331 1837 406 1866 orationis
418 1842 477 1875 parces
490 1846 521 1876 quo
533 1846 584 1866 55555
693 1839 755 1877 specie
785 1844 786 1847 ’

92 1883 112 1908 55
123 1885 154 1919 quo
166 1877 215 1918 gradu
229 1877 338 1908 cohaereant?
347 1899 751 1909 ......................................
776 1880 796 1911 83

285 1918 325 1956 Quin
338 1919 397 1950 doceat
391 1924 457 1950 5555555
469 1921 546 1950 orationis

96 1962 119 2002 A)
131 1959 232 2001 logictts.t
216 1966 232 1991 et
244 1961 307 2001 quidem

83 2002 110 2033 1
121 1985 647 2043 proximus.........................................'
651 2026 752 2034 ..........
777 2005 798 2037 86

98 2044 116 2075 ll.
127 2045 203 2076 remotior
211 2066 753 2077 ...................................
777 2048 798 2078 89

83 2087 120 2123 .B)
131 2086 184 2116 115555
195 2087 328 2127 5555551555555,
340 2086 371 2116 hist
365 2087 425 2116 toricns
436 2092 453 2117 55
464 2088 527 2130 opticus
533 2108 753 2119 .....................
778 2090 798 2120 93

82 2128 185 2169 ,55555155ι
181 2138 197 2158 55
209 2138 239 2158 usu
251 2134 335 2160 contentus
347 2129 431 2170 exegetico
444 2127 555 2160 obserrandae
566 2150 655 2159 .........
659 2144 661 2146 >
662 2152 752 2161 .........
777 2132 799 2162 94

97 2170 118 2211 0)
122 2153 154 2200 05
167 2175 242 2201 contextu
253 2172 358 2201 remotissimo
370 2179 400 2201 seu
411 2170 431 2200 de
443 2170 484 2200 locis
495 2170 582 2209 parallelis.

83 2208 145 2248 0555
156 2210 193 2241 loca
204 2218 283 2243 vocamur
294 2211 404 2251 5555055555
415 2212 495 2252 quomodo
508 2212 612 2243 dividuntur?
621 2235 754 2244 .............
779 2215 800 2246 96

85 2253 146 2283 .Varia
158 2258 174 2283 55
185 2251 267 2294 multiplex
278 2254 342 2291 utilitas,
355 2263 401 2293 quam
412 2253 485 2284 locorum
493 2254 606 2294 parallelorum
614 2255 685 2294 praebet
693 2256 757 2287 collatio
779 2258 800 2287 97

84 2294 186 2332 .Qucmodo
197 2294 234 2326 1555
246 2295 322 2335 parallela
333 2295 446 2326 inveniantur?
459 2317 754 2327 ............................
768 2298 801 2329 100

84 2336 192 2367 ,05555155
187 2345 203 2366 55
214 2337 287 2368 locorum
299 2336 411 2377 parallelorum
422 2347 453 2367 usn
462 2337 563 2368 adhibendae
568 2359 754 2368 ..................
742 2340 798 2370 -101

84 2379 124 2409 Dc
135 2374 176 2408 15555
187 2378 521 2424 pumannum......................1
525 2401 754 2411 ......................
769 2382 801 2412 102

85 2419 142 2458 ,05551
154 2421 175 2450 555
185 2421 276 2461 interpretis
288 2431 301 2452 5.
313 2417 404 2460 Scripturae
415 2426 491 2461 respectu
503 2420 612 2461 adparentium
624 2422 801 2462 pugnaru1111...103

62 2212 72 2326 uveam
61 2003 70 2159 manuum

34 2214 51 2459 &garamam
32 2006 44 2168 affirmem

62 2213 89 2452 &233qu
71 2003 87 2159 ,σιμαὶ-ω

276 2563 278 2566 .
335 2509 429 2554 sectio
446 2510 497 2553 lll.

148 2585 177 2623 Dc
192 2596 251 2623 sensu
265 2586 380 2623 inveniendo
394 2597 429 2634 per
443 2577 571 2623 conditionem
585 2586 687 2632 loquentis.

37 2658 54 2695 0
66 2643 92 2687 63
66 2655 175 2687 Persona
185 2656 254 2697 loquens
266 2658 348 2698 interpreti
359 2663 396 2688 nota
408 2658 429 2687 555
436 2662 504 2697 oportet
517 2656 581 2687 etnnde
589 2657 630 2687 15555
638 2659 759 2698 555555555559
770 2661 801 2691 107

38 2700 55 2736 0.
66 2699 92 2729 ot
66 2697 133 2729 611555
145 2699 180 2740 quis
192 2709 201 2728 e
213 2709 247 2738 sua,
259 2699 285 2730 ubi
297 2710 316 2730 ex
328 2699 393 2730 aliorum
405 2702 483 2730 sententia
496 2698 540 2739 loqni
552 2700 642 2730 censendus
654 2699 691 2731 5559
698 2723 756 2731 ,,,,,,
771 2703 801 2734 108

225 2822 229 2841 1
