<?xml version="1.0" encoding="UTF-8"?>
<!DOCTYPE html PUBLIC "-//W3C//DTD XHTML 1.0 Transitional//EN"
    "http://www.w3.org/TR/xhtml1/DTD/xhtml1-transitional.dtd">
<html xmlns="http://www.w3.org/1999/xhtml" xml:lang="en" lang="en">
 <head>
  <title>
</title>
<meta http-equiv="Content-Type" content="text/html;charset=utf-8" />
  <meta name='ocr-system' content='tesseract 3.04.00' />
  <meta name='ocr-capabilities' content='ocr_page ocr_carea ocr_par ocr_line ocrx_word'/>
</head>
<body>
  <div class='ocr_page' id='page_1' title='image "./MN41624ucmf_7_0137.png"; bbox 0 0 1787 2921; ppageno 0'>
   <div class='ocr_carea' id='block_1_1' title="bbox 752 94 860 144">
    <p class='ocr_par' dir='ltr' id='par_1_1' title="bbox 752 94 860 144">
     <span class='ocr_line' id='line_1_1' title="bbox 752 94 860 144; baseline 0 0"><span class='ocrx_word' id='word_1_1' title='bbox 752 94 795 144; x_wconf 79' lang='lat' dir='ltr'><strong>ura</strong></span> <span class='ocrx_word' id='word_1_2' title='bbox 857 110 860 113; x_wconf 91' lang='grc'><strong><em>·</em></strong></span> 
     </span>
    </p>
   </div>
   <div class='ocr_carea' id='block_1_2' title="bbox 16 198 802 1918">
    <p class='ocr_par' dir='ltr' id='par_1_2' title="bbox 32 198 795 408">
     <span class='ocr_line' id='line_1_2' title="bbox 33 198 794 253; baseline 0.001 -15"><span class='ocrx_word' id='word_1_3' title='bbox 33 200 77 251; x_wconf 85' lang='lat' dir='ltr'><strong>quid</strong></span> <span class='ocrx_word' id='word_1_4' title='bbox 90 198 189 250; x_wconf 78' lang='lat' dir='ltr'><strong>intelligit,</strong></span> <span class='ocrx_word' id='word_1_5' title='bbox 208 212 223 238; x_wconf 92' lang='lat' dir='ltr'><strong>s.</strong></span> <span class='ocrx_word' id='word_1_6' title='bbox 237 201 306 240; x_wconf 87' lang='lat' dir='ltr'><strong>Paulus</strong></span> <span class='ocrx_word' id='word_1_7' title='bbox 321 203 406 241; x_wconf 87' lang='lat' dir='ltr'><strong>nimirum</strong></span> <span class='ocrx_word' id='word_1_8' title='bbox 421 215 456 253; x_wconf 91' lang='lat' dir='ltr'><strong>per</strong></span> <span class='ocrx_word' id='word_1_9' title='bbox 469 203 525 241; x_wconf 85' lang='lat' dir='ltr'><strong>fidem</strong></span> <span class='ocrx_word' id='word_1_10' title='bbox 541 201 702 253; x_wconf 68' lang='lat' dir='ltr'><strong>Christianismum</strong></span> <span class='ocrx_word' id='word_1_11' title='bbox 716 207 748 241; x_wconf 92' lang='lat' dir='ltr'><strong>aut</strong></span> <span class='ocrx_word' id='word_1_12' title='bbox 761 203 794 240; x_wconf 93' lang='lat' dir='ltr'><strong>iu-</strong></span> 
     </span>
     <span class='ocr_line' id='line_1_3' title="bbox 33 253 795 306; baseline 0.001 -15"><span class='ocrx_word' id='word_1_13' title='bbox 33 254 94 291; x_wconf 91' lang='lat' dir='ltr'><strong>dolem</strong></span> <span class='ocrx_word' id='word_1_14' title='bbox 110 253 127 288; x_wconf 90' lang='lat' dir='ltr'><strong>ei</strong></span> <span class='ocrx_word' id='word_1_15' title='bbox 142 254 232 301; x_wconf 76' lang='lat' dir='ltr'><strong>similem,</strong></span> <span class='ocrx_word' id='word_1_16' title='bbox 247 266 282 303; x_wconf 91' lang='lat' dir='ltr'><strong>per</strong></span> <span class='ocrx_word' id='word_1_17' title='bbox 296 267 353 303; x_wconf 88' lang='lat' dir='ltr'><strong>opera</strong></span> <span class='ocrx_word' id='word_1_18' title='bbox 366 256 463 305; x_wconf 80' lang='lat' dir='ltr'><strong>judaicum</strong></span> <span class='ocrx_word' id='word_1_19' title='bbox 478 256 578 306; x_wconf 71' lang='lat' dir='ltr'><strong>legalitatis</strong></span> <span class='ocrx_word' id='word_1_20' title='bbox 593 255 686 300; x_wconf 79' lang='lat' dir='ltr'><strong>studiurn3</strong></span> <span class='ocrx_word' id='word_1_21' title='bbox 704 267 719 293; x_wconf 91' lang='lat' dir='ltr'><strong>s.</strong></span> <span class='ocrx_word' id='word_1_22' title='bbox 733 255 795 292; x_wconf 89' lang='lat' dir='ltr'><strong>Jaco-</strong></span> 
     </span>
     <span class='ocr_line' id='line_1_4' title="bbox 32 305 795 354; baseline 0 -10"><span class='ocrx_word' id='word_1_23' title='bbox 32 308 67 344; x_wconf 89' lang='lat' dir='ltr'><strong>bus</strong></span> <span class='ocrx_word' id='word_1_24' title='bbox 81 315 129 341; x_wconf 87' lang='lat' dir='ltr'><strong>vero</strong></span> <span class='ocrx_word' id='word_1_25' title='bbox 143 316 178 352; x_wconf 91' lang='lat' dir='ltr'><strong>per</strong></span> <span class='ocrx_word' id='word_1_26' title='bbox 192 305 247 343; x_wconf 88' lang='lat' dir='ltr'><strong>tidem</strong></span> <span class='ocrx_word' id='word_1_27' title='bbox 263 319 333 345; x_wconf 87' lang='lat' dir='ltr'><strong>merum</strong></span> <span class='ocrx_word' id='word_1_28' title='bbox 347 309 455 345; x_wconf 86' lang='lat' dir='ltr'><strong>intellectus</strong></span> <span class='ocrx_word' id='word_1_29' title='bbox 471 319 577 354; x_wconf 77' lang='lat' dir='ltr'><strong>assensum,</strong></span> <span class='ocrx_word' id='word_1_30' title='bbox 592 308 690 345; x_wconf 88' lang='lat' dir='ltr'><strong>doctrinae</strong></span> <span class='ocrx_word' id='word_1_31' title='bbox 705 308 795 345; x_wconf 79' lang='lat' dir='ltr'><strong>eta-tsna-</strong></span> 
     </span>
     <span class='ocr_line' id='line_1_5' title="bbox 33 358 794 408; baseline 0.001 -13"><span class='ocrx_word' id='word_1_32' title='bbox 33 368 69 395; x_wconf 90' lang='lat' dir='ltr'><strong>nae</strong></span> <span class='ocrx_word' id='word_1_33' title='bbox 80 358 198 404; x_wconf 80' lang='lat' dir='ltr'><strong>praestitum,</strong></span> <span class='ocrx_word' id='word_1_34' title='bbox 213 363 232 395; x_wconf 88' lang='lat' dir='ltr'><strong>et</strong></span> <span class='ocrx_word' id='word_1_35' title='bbox 241 370 276 407; x_wconf 86' lang='lat' dir='ltr'><strong>per</strong></span> <span class='ocrx_word' id='word_1_36' title='bbox 286 370 344 407; x_wconf 87' lang='lat' dir='ltr'><strong>opera</strong></span> <span class='ocrx_word' id='word_1_37' title='bbox 354 362 418 406; x_wconf 82' lang='lat' dir='ltr'><strong>uitam,</strong></span> <span class='ocrx_word' id='word_1_38' title='bbox 433 362 540 408; x_wconf 87' lang='lat' dir='ltr'><strong>praeceptis</strong></span> <span class='ocrx_word' id='word_1_39' title='bbox 553 361 661 396; x_wconf 78' lang='lat' dir='ltr'><strong>eluistianis</strong></span> <span class='ocrx_word' id='word_1_40' title='bbox 671 360 794 397; x_wconf 87' lang='lat' dir='ltr'><strong>conlornrern.</strong></span> 
     </span>
    </p>

    <p class='ocr_par' dir='ltr' id='par_1_3' title="bbox 16 408 795 509">
     <span class='ocr_line' id='line_1_6' title="bbox 16 408 795 462; baseline 0.005 -17"><span class='ocrx_word' id='word_1_41' title='bbox 16 443 18 445; x_wconf 87' lang='lat'>.</span> <span class='ocrx_word' id='word_1_42' title='bbox 85 408 142 447; x_wconf 77' lang='lat' dir='ltr'><strong>&#39;l&#39;ale</strong></span> <span class='ocrx_word' id='word_1_43' title='bbox 157 408 209 456; x_wconf 82' lang='lat' dir='ltr'><strong>jani</strong></span> <span class='ocrx_word' id='word_1_44' title='bbox 227 421 334 450; x_wconf 78' lang='lat' dir='ltr'><strong>severunt</strong></span> <span class='ocrx_word' id='word_1_45' title='bbox 353 412 381 451; x_wconf 89' lang='lat' dir='ltr'><strong>de</strong></span> <span class='ocrx_word' id='word_1_46' title='bbox 399 423 490 462; x_wconf 82' lang='lat' dir='ltr'>pugnae</span> <span class='ocrx_word' id='word_1_47' title='bbox 509 413 620 461; x_wconf 72' lang='lat' dir='ltr'><strong>qualitate</strong></span> <span class='ocrx_word' id='word_1_48' title='bbox 638 423 734 450; x_wconf 79' lang='lat' dir='ltr'><strong>examen</strong></span> <span class='ocrx_word' id='word_1_49' title='bbox 747 423 795 450; x_wconf 89' lang='lat' dir='ltr'><strong>orn-</strong></span> 
     </span>
     <span class='ocr_line' id='line_1_7' title="bbox 34 460 217 509; baseline -0.011 -9"><span class='ocrx_word' id='word_1_50' title='bbox 34 460 89 500; x_wconf 89' lang='lat' dir='ltr'><strong>nine</strong></span> <span class='ocrx_word' id='word_1_51' title='bbox 103 462 217 509; x_wconf 86' lang='lat' dir='ltr'><strong>postulat:</strong></span> 
     </span>
    </p>

    <p class='ocr_par' dir='ltr' id='par_1_4' title="bbox 33 513 798 980">
     <span class='ocr_line' id='line_1_8' title="bbox 86 513 795 565; baseline 0.007 -16"><span class='ocrx_word' id='word_1_52' title='bbox 86 516 109 558; x_wconf 81' lang='lat' dir='ltr'><strong>a)</strong></span> <span class='ocrx_word' id='word_1_53' title='bbox 123 513 246 560; x_wconf 76' lang='lat' dir='ltr'><strong>Aequitas,</strong></span> <span class='ocrx_word' id='word_1_54' title='bbox 260 514 307 552; x_wconf 90' lang='lat' dir='ltr'><strong>iure</strong></span> <span class='ocrx_word' id='word_1_55' title='bbox 318 513 419 562; x_wconf 86' lang='lat' dir='ltr'><strong>justitia,</strong></span> <span class='ocrx_word' id='word_1_56' title='bbox 434 516 599 565; x_wconf 75' lang='lat' dir='ltr'><strong>scriptoribus,</strong></span> <span class='ocrx_word' id='word_1_57' title='bbox 617 516 741 565; x_wconf 87' lang='lat' dir='ltr'><strong>praecipue</strong></span> <span class='ocrx_word' id='word_1_58' title='bbox 755 527 795 554; x_wconf 89' lang='lat' dir='ltr'><strong>an-</strong></span> 
     </span>
     <span class='ocr_line' id='line_1_9' title="bbox 33 564 795 616; baseline 0.003 -13"><span class='ocrx_word' id='word_1_59' title='bbox 33 564 116 613; x_wconf 76' lang='lat' dir='ltr'><strong>liquis,</strong></span> <span class='ocrx_word' id='word_1_60' title='bbox 127 565 216 613; x_wconf 78' lang='lat' dir='ltr'><strong>dehita3</strong></span> <span class='ocrx_word' id='word_1_61' title='bbox 230 565 271 603; x_wconf 87' lang='lat' dir='ltr'><strong>lieri</strong></span> <span class='ocrx_word' id='word_1_62' title='bbox 285 577 366 614; x_wconf 90' lang='lat' dir='ltr'><strong>namque</strong></span> <span class='ocrx_word' id='word_1_63' title='bbox 381 569 437 605; x_wconf 85' lang='lat' dir='ltr'><strong>l&#39;acile</strong></span> <span class='ocrx_word' id='word_1_64' title='bbox 452 573 521 616; x_wconf 84' lang='lat' dir='ltr'><strong>potest,</strong></span> <span class='ocrx_word' id='word_1_65' title='bbox 535 573 555 604; x_wconf 92' lang='lat' dir='ltr'><strong>ut</strong></span> <span class='ocrx_word' id='word_1_66' title='bbox 569 570 667 616; x_wconf 75' lang='lat' dir='ltr'><strong>interpreti</strong></span> <span class='ocrx_word' id='word_1_67' title='bbox 677 569 718 605; x_wconf 91' lang='lat' dir='ltr'><strong>loca</strong></span> <span class='ocrx_word' id='word_1_68' title='bbox 730 568 795 605; x_wconf 88' lang='lat' dir='ltr'><strong>diver-</strong></span> 
     </span>
     <span class='ocr_line' id='line_1_10' title="bbox 34 618 795 668; baseline 0.003 -13"><span class='ocrx_word' id='word_1_69' title='bbox 34 628 98 655; x_wconf 90' lang='lat' dir='ltr'><strong>sorurn</strong></span> <span class='ocrx_word' id='word_1_70' title='bbox 112 618 225 666; x_wconf 87' lang='lat' dir='ltr'><strong>scriptorum</strong></span> <span class='ocrx_word' id='word_1_71' title='bbox 240 618 270 655; x_wconf 85' lang='lat' dir='ltr'><strong>vel</strong></span> <span class='ocrx_word' id='word_1_72' title='bbox 285 618 370 666; x_wconf 88' lang='lat' dir='ltr'><strong>ejusdem</strong></span> <span class='ocrx_word' id='word_1_73' title='bbox 385 630 460 667; x_wconf 91' lang='lat' dir='ltr'><strong>quoque</strong></span> <span class='ocrx_word' id='word_1_74' title='bbox 479 621 562 656; x_wconf 92' lang='lat' dir='ltr'><strong>auctoris</strong></span> <span class='ocrx_word' id='word_1_75' title='bbox 581 621 683 667; x_wconf 86' lang='lat' dir='ltr'><strong>adpareant</strong></span> <span class='ocrx_word' id='word_1_76' title='bbox 696 632 742 657; x_wconf 90' lang='lat' dir='ltr'><strong>vere</strong></span> <span class='ocrx_word' id='word_1_77' title='bbox 758 632 795 668; x_wconf 91' lang='lat' dir='ltr'><strong>pu-</strong></span> 
     </span>
     <span class='ocr_line' id='line_1_11' title="bbox 34 670 796 719; baseline 0.005 -14"><span class='ocrx_word' id='word_1_78' title='bbox 34 670 122 718; x_wconf 83' lang='lat' dir='ltr'><strong>gnantia,</strong></span> <span class='ocrx_word' id='word_1_79' title='bbox 142 680 191 717; x_wconf 81' lang='lat' dir='ltr'><strong>quae</strong></span> <span class='ocrx_word' id='word_1_80' title='bbox 206 674 272 706; x_wconf 82' lang='lat' dir='ltr'><strong>tamen</strong></span> <span class='ocrx_word' id='word_1_81' title='bbox 291 670 378 708; x_wconf 85' lang='lat' dir='ltr'><strong>ornnihus</strong></span> <span class='ocrx_word' id='word_1_82' title='bbox 396 673 432 708; x_wconf 90' lang='lat' dir='ltr'><strong>rite</strong></span> <span class='ocrx_word' id='word_1_83' title='bbox 451 672 551 719; x_wconf 81' lang='lat' dir='ltr'><strong>perpensis</strong></span> <span class='ocrx_word' id='word_1_84' title='bbox 570 682 637 708; x_wconf 81' lang='lat' dir='ltr'><strong>reuera</strong></span> <span class='ocrx_word' id='word_1_85' title='bbox 656 672 691 708; x_wconf 88' lang='lat' dir='ltr'><strong>sihi</strong></span> <span class='ocrx_word' id='word_1_86' title='bbox 708 683 747 708; x_wconf 92' lang='lat' dir='ltr'><strong>non</strong></span> <span class='ocrx_word' id='word_1_87' title='bbox 760 683 796 709; x_wconf 86' lang='lat' dir='ltr'><strong>re-</strong></span> 
     </span>
     <span class='ocr_line' id='line_1_12' title="bbox 35 722 795 773; baseline 0.004 -15"><span class='ocrx_word' id='word_1_88' title='bbox 35 732 120 770; x_wconf 82' lang='lat' dir='ltr'><strong>pugnare</strong></span> <span class='ocrx_word' id='word_1_89' title='bbox 138 722 270 767; x_wconf 85' lang='lat' dir='ltr'><strong>inveniuntur;</strong></span> <span class='ocrx_word' id='word_1_90' title='bbox 289 723 356 770; x_wconf 78' lang='lat' dir='ltr'><strong>injuria</strong></span> <span class='ocrx_word' id='word_1_91' title='bbox 376 725 433 773; x_wconf 80' lang='lat' dir='ltr'><strong>igitar</strong></span> <span class='ocrx_word' id='word_1_92' title='bbox 450 723 535 760; x_wconf 85' lang='lat' dir='ltr'><strong>afficeret</strong></span> <span class='ocrx_word' id='word_1_93' title='bbox 553 723 590 759; x_wconf 90' lang='lat' dir='ltr'><strong>hoc</strong></span> <span class='ocrx_word' id='word_1_94' title='bbox 608 723 627 759; x_wconf 94' lang='lat' dir='ltr'><strong>in</strong></span> <span class='ocrx_word' id='word_1_95' title='bbox 642 734 688 760; x_wconf 86' lang='lat' dir='ltr'><strong>casu</strong></span> <span class='ocrx_word' id='word_1_96' title='bbox 701 722 795 771; x_wconf 82' lang='lat' dir='ltr'><strong>interpres</strong></span> 
     </span>
     <span class='ocr_line' id='line_1_13' title="bbox 34 775 796 822; baseline 0.001 -11"><span class='ocrx_word' id='word_1_97' title='bbox 34 775 140 821; x_wconf 81' lang='lat' dir='ltr'><strong>scriptores</strong></span> <span class='ocrx_word' id='word_1_98' title='bbox 155 784 291 822; x_wconf 79' lang='lat' dir='ltr'><strong>quoscunque,</strong></span> <span class='ocrx_word' id='word_1_99' title='bbox 310 776 326 812; x_wconf 90' lang='lat' dir='ltr'><strong>si</strong></span> <span class='ocrx_word' id='word_1_100' title='bbox 341 776 433 812; x_wconf 84' lang='lat' dir='ltr'><strong>severiori</strong></span> <span class='ocrx_word' id='word_1_101' title='bbox 451 777 538 812; x_wconf 81' lang='lat' dir='ltr'><strong>exarnine</strong></span> <span class='ocrx_word' id='word_1_102' title='bbox 552 775 637 811; x_wconf 88' lang='lat' dir='ltr'><strong>locorum</strong></span> <span class='ocrx_word' id='word_1_103' title='bbox 652 775 746 822; x_wconf 81' lang='lat' dir='ltr'><strong>ejusmodi</strong></span> <span class='ocrx_word' id='word_1_104' title='bbox 759 787 796 812; x_wconf 92' lang='lat' dir='ltr'><strong>ne-</strong></span> 
     </span>
     <span class='ocr_line' id='line_1_14' title="bbox 35 826 797 877; baseline 0.001 -15"><span class='ocrx_word' id='word_1_105' title='bbox 35 826 100 875; x_wconf 83' lang='lat' dir='ltr'><strong>glecto</strong></span> <span class='ocrx_word' id='word_1_106' title='bbox 115 827 182 873; x_wconf 77' lang='lat' dir='ltr'><strong>statim,</strong></span> <span class='ocrx_word' id='word_1_107' title='bbox 197 837 261 863; x_wconf 90' lang='lat' dir='ltr'><strong>veram</strong></span> <span class='ocrx_word' id='word_1_108' title='bbox 276 826 345 864; x_wconf 79' lang='lat' dir='ltr'><strong>adesse</strong></span> <span class='ocrx_word' id='word_1_109' title='bbox 360 828 476 877; x_wconf 77' lang='lat' dir='ltr'><strong>antilogium,</strong></span> <span class='ocrx_word' id='word_1_110' title='bbox 491 827 627 875; x_wconf 83' lang='lat' dir='ltr'><strong>pronuntiaret,</strong></span> <span class='ocrx_word' id='word_1_111' title='bbox 642 830 661 863; x_wconf 90' lang='lat' dir='ltr'><strong>et</strong></span> <span class='ocrx_word' id='word_1_112' title='bbox 674 827 709 863; x_wconf 79' lang='lat' dir='ltr'><strong>han</strong></span> <span class='ocrx_word' id='word_1_113' title='bbox 724 828 797 863; x_wconf 88' lang='lat' dir='ltr'><strong>ratione</strong></span> 
     </span>
     <span class='ocr_line' id='line_1_15' title="bbox 35 878 798 928; baseline 0.003 -14"><span class='ocrx_word' id='word_1_114' title='bbox 35 878 145 915; x_wconf 90' lang='lat' dir='ltr'><strong>alterutrum</strong></span> <span class='ocrx_word' id='word_1_115' title='bbox 159 878 189 914; x_wconf 87' lang='lat' dir='ltr'><strong>uel</strong></span> <span class='ocrx_word' id='word_1_116' title='bbox 204 882 304 926; x_wconf 89' lang='lat' dir='ltr'><strong>utrumque</strong></span> <span class='ocrx_word' id='word_1_117' title='bbox 319 881 430 927; x_wconf 86' lang='lat' dir='ltr'><strong>scriptorem</strong></span> <span class='ocrx_word' id='word_1_118' title='bbox 446 883 478 916; x_wconf 90' lang='lat' dir='ltr'><strong>aut</strong></span> <span class='ocrx_word' id='word_1_119' title='bbox 495 880 614 928; x_wconf 79' lang='lat' dir='ltr'><strong>ignorantiae</strong></span> <span class='ocrx_word' id='word_1_120' title='bbox 629 883 661 915; x_wconf 89' lang='lat' dir='ltr'><strong>aut</strong></span> <span class='ocrx_word' id='word_1_121' title='bbox 675 879 739 915; x_wconf 84' lang='lat' dir='ltr'><strong>laesae</strong></span> <span class='ocrx_word' id='word_1_122' title='bbox 753 878 798 916; x_wconf 86' lang='lat' dir='ltr'><strong>fidei</strong></span> 
     </span>
     <span class='ocr_line' id='line_1_16' title="bbox 36 930 759 980; baseline 0.001 -14"><span class='ocrx_word' id='word_1_123' title='bbox 36 934 134 979; x_wconf 78' lang='lat' dir='ltr'><strong>argueret3</strong></span> <span class='ocrx_word' id='word_1_124' title='bbox 150 931 187 967; x_wconf 90' lang='lat' dir='ltr'><strong>imo</strong></span> <span class='ocrx_word' id='word_1_125' title='bbox 202 930 287 968; x_wconf 89' lang='lat' dir='ltr'><strong>sedulam</strong></span> <span class='ocrx_word' id='word_1_126' title='bbox 303 932 395 980; x_wconf 87' lang='lat' dir='ltr'><strong>ejusmodi</strong></span> <span class='ocrx_word' id='word_1_127' title='bbox 410 931 551 980; x_wconf 78' lang='lat' dir='ltr'><strong>indagationem</strong></span> <span class='ocrx_word' id='word_1_128' title='bbox 565 932 664 979; x_wconf 87' lang='lat' dir='ltr'><strong>interpreti</strong></span> <span class='ocrx_word' id='word_1_129' title='bbox 679 931 759 979; x_wconf 80' lang='lat' dir='ltr'><strong>injungit</strong></span> 
     </span>
    </p>

    <p class='ocr_par' dir='ltr' id='par_1_5' title="bbox 35 981 798 1185">
     <span class='ocr_line' id='line_1_17' title="bbox 85 981 798 1031; baseline 0.001 -13"><span class='ocrx_word' id='word_1_130' title='bbox 85 982 112 1031; x_wconf 75' lang='lat' dir='ltr'><strong>a)</strong></span> <span class='ocrx_word' id='word_1_131' title='bbox 126 981 176 1030; x_wconf 90' lang='lat' dir='ltr'><strong>ipse</strong></span> <span class='ocrx_word' id='word_1_132' title='bbox 190 993 282 1030; x_wconf 89' lang='lat' dir='ltr'><strong>quoque</strong></span> <span class='ocrx_word' id='word_1_133' title='bbox 296 983 492 1031; x_wconf 85' lang='lat' dir='ltr'><strong>interpretationis</strong></span> <span class='ocrx_word' id='word_1_134' title='bbox 506 982 571 1030; x_wconf 84' lang='lat' dir='ltr'><strong>linis;</strong></span> <span class='ocrx_word' id='word_1_135' title='bbox 586 987 638 1019; x_wconf 88' lang='lat' dir='ltr'><strong>certe</strong></span> <span class='ocrx_word' id='word_1_136' title='bbox 653 984 702 1019; x_wconf 84' lang='lat' dir='ltr'><strong>eninr</strong></span> <span class='ocrx_word' id='word_1_137' title='bbox 712 994 735 1019; x_wconf 90' lang='lat' dir='ltr'><strong>ne</strong></span> <span class='ocrx_word' id='word_1_138' title='bbox 750 994 798 1019; x_wconf 88' lang='lat' dir='ltr'><strong>seu-</strong></span> 
     </span>
     <span class='ocr_line' id='line_1_18' title="bbox 36 1034 798 1082; baseline 0 -11"><span class='ocrx_word' id='word_1_139' title='bbox 36 1043 77 1071; x_wconf 88' lang='lat' dir='ltr'><strong>sam</strong></span> <span class='ocrx_word' id='word_1_140' title='bbox 96 1034 171 1081; x_wconf 85' lang='lat' dir='ltr'><strong>quidem</strong></span> <span class='ocrx_word' id='word_1_141' title='bbox 192 1034 248 1082; x_wconf 89' lang='lat' dir='ltr'><strong>hujus</strong></span> <span class='ocrx_word' id='word_1_142' title='bbox 267 1035 369 1072; x_wconf 88' lang='lat' dir='ltr'><strong>alteriusve</strong></span> <span class='ocrx_word' id='word_1_143' title='bbox 388 1036 426 1072; x_wconf 88' lang='lat' dir='ltr'><strong>loci</strong></span> <span class='ocrx_word' id='word_1_144' title='bbox 445 1039 544 1071; x_wconf 90' lang='lat' dir='ltr'><strong>assecutus</strong></span> <span class='ocrx_word' id='word_1_145' title='bbox 564 1045 607 1071; x_wconf 87' lang='lat' dir='ltr'><strong>esse</strong></span> <span class='ocrx_word' id='word_1_146' title='bbox 627 1035 664 1070; x_wconf 91' lang='lat' dir='ltr'><strong>dici</strong></span> <span class='ocrx_word' id='word_1_147' title='bbox 683 1040 760 1082; x_wconf 85' lang='lat' dir='ltr'><strong>posset,</strong></span> <span class='ocrx_word' id='word_1_148' title='bbox 781 1035 798 1071; x_wconf 91' lang='lat' dir='ltr'><strong>si</strong></span> 
     </span>
     <span class='ocr_line' id='line_1_19' title="bbox 37 1086 797 1136; baseline 0.001 -15"><span class='ocrx_word' id='word_1_149' title='bbox 37 1086 147 1122; x_wconf 90' lang='lat' dir='ltr'><strong>enantioses</strong></span> <span class='ocrx_word' id='word_1_150' title='bbox 162 1090 275 1133; x_wconf 85' lang='lat' dir='ltr'><strong>apparentes</strong></span> <span class='ocrx_word' id='word_1_151' title='bbox 290 1091 321 1123; x_wconf 91' lang='lat' dir='ltr'><strong>aut</strong></span> <span class='ocrx_word' id='word_1_152' title='bbox 335 1088 410 1135; x_wconf 91' lang='lat' dir='ltr'><strong>penitus</strong></span> <span class='ocrx_word' id='word_1_153' title='bbox 425 1087 538 1136; x_wconf 82' lang='lat' dir='ltr'><strong>negligeret⁷</strong></span> <span class='ocrx_word' id='word_1_154' title='bbox 553 1090 584 1122; x_wconf 93' lang='lat' dir='ltr'><strong>aut</strong></span> <span class='ocrx_word' id='word_1_155' title='bbox 596 1097 682 1123; x_wconf 87' lang='lat' dir='ltr'><strong>verarum</strong></span> <span class='ocrx_word' id='word_1_156' title='bbox 692 1098 797 1135; x_wconf 83' lang='lat' dir='ltr'><strong>pugnarum</strong></span> 
     </span>
     <span class='ocr_line' id='line_1_20' title="bbox 35 1138 210 1185; baseline -0.006 -11"><span class='ocrx_word' id='word_1_157' title='bbox 35 1138 95 1174; x_wconf 89' lang='lat' dir='ltr'><strong>instar</strong></span> <span class='ocrx_word' id='word_1_158' title='bbox 109 1141 210 1185; x_wconf 88' lang='lat' dir='ltr'><strong>spectaret.</strong></span> 
     </span>
    </p>

    <p class='ocr_par' dir='ltr' id='par_1_6' title="bbox 36 1188 802 1918">
     <span class='ocr_line' id='line_1_21' title="bbox 89 1188 799 1238; baseline 0.001 -12"><span class='ocrx_word' id='word_1_159' title='bbox 89 1188 133 1226; x_wconf 88' lang='lat' dir='ltr'><strong>Ubi</strong></span> <span class='ocrx_word' id='word_1_160' title='bbox 146 1191 224 1227; x_wconf 89' lang='lat' dir='ltr'><strong>auteur</strong></span> <span class='ocrx_word' id='word_1_161' title='bbox 238 1189 345 1228; x_wconf 85' lang='lat' dir='ltr'><strong>omnihus</strong></span> <span class='ocrx_word' id='word_1_162' title='bbox 359 1190 403 1227; x_wconf 85' lang='lat' dir='ltr'><strong>rite</strong></span> <span class='ocrx_word' id='word_1_163' title='bbox 417 1189 537 1238; x_wconf 89' lang='lat' dir='ltr'><strong>perpensis</strong></span> <span class='ocrx_word' id='word_1_164' title='bbox 550 1200 607 1227; x_wconf 85' lang='lat' dir='ltr'><strong>vera</strong></span> <span class='ocrx_word' id='word_1_165' title='bbox 622 1189 799 1238; x_wconf 83' lang='lat' dir='ltr'><strong>deprehenditur</strong></span> 
     </span>
     <span class='ocr_line' id='line_1_22' title="bbox 36 1241 799 1290; baseline 0 -11"><span class='ocrx_word' id='word_1_166' title='bbox 36 1251 126 1290; x_wconf 80' lang='lat' dir='ltr'><strong>pugna,</strong></span> <span class='ocrx_word' id='word_1_167' title='bbox 146 1241 176 1279; x_wconf 88' lang='lat' dir='ltr'><strong>ad</strong></span> <span class='ocrx_word' id='word_1_168' title='bbox 194 1241 341 1289; x_wconf 85' lang='lat' dir='ltr'><strong>interpretem</strong></span> <span class='ocrx_word' id='word_1_169' title='bbox 361 1252 407 1290; x_wconf 90' lang='lat' dir='ltr'><strong>qua</strong></span> <span class='ocrx_word' id='word_1_170' title='bbox 421 1242 490 1280; x_wconf 87' lang='lat' dir='ltr'><strong>talem</strong></span> <span class='ocrx_word' id='word_1_171' title='bbox 505 1252 543 1279; x_wconf 90' lang='lat' dir='ltr'><strong>res</strong></span> <span class='ocrx_word' id='word_1_172' title='bbox 558 1241 616 1279; x_wconf 89' lang='lat' dir='ltr'><strong>hacc</strong></span> <span class='ocrx_word' id='word_1_173' title='bbox 630 1241 653 1279; x_wconf 91' lang='lat' dir='ltr'><strong>in</strong></span> <span class='ocrx_word' id='word_1_174' title='bbox 667 1241 733 1280; x_wconf 84' lang='lat' dir='ltr'><strong>libris</strong></span> <span class='ocrx_word' id='word_1_175' title='bbox 747 1252 799 1289; x_wconf 90' lang='lat' dir='ltr'><strong>pro-</strong></span> 
     </span>
     <span class='ocr_line' id='line_1_23' title="bbox 36 1292 798 1342; baseline -0.001 -11"><span class='ocrx_word' id='word_1_176' title='bbox 36 1292 104 1331; x_wconf 63' lang='lat' dir='ltr'><strong>tanis&gt;</strong></span> <span class='ocrx_word' id='word_1_177' title='bbox 113 1292 206 1342; x_wconf 88' lang='lat' dir='ltr'><strong>proprie</strong></span> <span class='ocrx_word' id='word_1_178' title='bbox 220 1304 266 1331; x_wconf 79' lang='lat' dir='ltr'><strong>rnen</strong></span> <span class='ocrx_word' id='word_1_179' title='bbox 280 1294 373 1342; x_wconf 80' lang='lat' dir='ltr'><strong>attirret3</strong></span> <span class='ocrx_word' id='word_1_180' title='bbox 393 1293 445 1341; x_wconf 90' lang='lat' dir='ltr'><strong>ejus</strong></span> <span class='ocrx_word' id='word_1_181' title='bbox 460 1294 520 1331; x_wconf 88' lang='lat' dir='ltr'><strong>enirn</strong></span> <span class='ocrx_word' id='word_1_182' title='bbox 539 1295 575 1331; x_wconf 89' lang='lat' dir='ltr'><strong>est</strong></span> <span class='ocrx_word' id='word_1_183' title='bbox 588 1293 715 1341; x_wconf 79' lang='lat' dir='ltr'><strong>intelligere</strong></span> <span class='ocrx_word' id='word_1_184' title='bbox 730 1296 752 1330; x_wconf 92' lang='lat' dir='ltr'><strong>et</strong></span> <span class='ocrx_word' id='word_1_185' title='bbox 767 1293 798 1331; x_wconf 91' lang='lat' dir='ltr'><strong>in-</strong></span> 
     </span>
     <span class='ocr_line' id='line_1_24' title="bbox 38 1345 799 1393; baseline 0.001 -11"><span class='ocrx_word' id='word_1_186' title='bbox 38 1345 129 1392; x_wconf 87' lang='lat' dir='ltr'><strong>dicare,</strong></span> <span class='ocrx_word' id='word_1_187' title='bbox 148 1345 203 1393; x_wconf 89' lang='lat' dir='ltr'><strong>quid</strong></span> <span class='ocrx_word' id='word_1_188' title='bbox 217 1346 314 1393; x_wconf 91' lang='lat' dir='ltr'><strong>loquens</strong></span> <span class='ocrx_word' id='word_1_189' title='bbox 329 1346 477 1393; x_wconf 78' lang='lat' dir='ltr'><strong>cogitaverit,</strong></span> <span class='ocrx_word' id='word_1_190' title='bbox 495 1345 588 1383; x_wconf 89' lang='lat' dir='ltr'><strong>minirne</strong></span> <span class='ocrx_word' id='word_1_191' title='bbox 607 1348 695 1392; x_wconf 82' lang='lat' dir='ltr'><strong>autern,</strong></span> <span class='ocrx_word' id='word_1_192' title='bbox 713 1357 799 1383; x_wconf 89' lang='lat' dir='ltr'><strong>verane</strong></span> 
     </span>
     <span class='ocr_line' id='line_1_25' title="bbox 37 1397 799 1446; baseline 0.001 -11"><span class='ocrx_word' id='word_1_193' title='bbox 37 1397 92 1444; x_wconf 90' lang='lat' dir='ltr'><strong>siut,</strong></span> <span class='ocrx_word' id='word_1_194' title='bbox 106 1408 137 1435; x_wconf 89' lang='lat' dir='ltr'><strong>au</strong></span> <span class='ocrx_word' id='word_1_195' title='bbox 151 1398 213 1436; x_wconf 84' lang='lat' dir='ltr'><strong>falsa</strong></span> <span class='ocrx_word' id='word_1_196' title='bbox 227 1398 343 1446; x_wconf 83' lang='lat' dir='ltr'><strong>loquentis</strong></span> <span class='ocrx_word' id='word_1_197' title='bbox 358 1398 427 1445; x_wconf 85' lang='lat' dir='ltr'><strong>dicta,</strong></span> <span class='ocrx_word' id='word_1_198' title='bbox 442 1398 573 1436; x_wconf 86' lang='lat' dir='ltr'><strong>examinare</strong></span> <span class='ocrx_word' id='word_1_199' title='bbox 588 1408 616 1435; x_wconf 91' lang='lat' dir='ltr'><strong>ac</strong></span> <span class='ocrx_word' id='word_1_200' title='bbox 630 1397 732 1444; x_wconf 86' lang='lat' dir='ltr'><strong>delinire,</strong></span> <span class='ocrx_word' id='word_1_201' title='bbox 746 1398 799 1446; x_wconf 88' lang='lat' dir='ltr'><strong>quis</strong></span> 
     </span>
     <span class='ocr_line' id='line_1_26' title="bbox 38 1449 800 1500; baseline -0.001 -12"><span class='ocrx_word' id='word_1_202' title='bbox 38 1449 99 1498; x_wconf 89' lang='lat' dir='ltr'><strong>inter</strong></span> <span class='ocrx_word' id='word_1_203' title='bbox 113 1450 172 1488; x_wconf 89' lang='lat' dir='ltr'><strong>duos</strong></span> <span class='ocrx_word' id='word_1_204' title='bbox 186 1450 223 1488; x_wconf 92' lang='lat' dir='ltr'><strong>vel</strong></span> <span class='ocrx_word' id='word_1_205' title='bbox 237 1450 316 1500; x_wconf 91' lang='lat' dir='ltr'><strong>plures</strong></span> <span class='ocrx_word' id='word_1_206' title='bbox 330 1450 375 1489; x_wconf 86' lang='lat' dir='ltr'><strong>sihi</strong></span> <span class='ocrx_word' id='word_1_207' title='bbox 390 1450 575 1489; x_wconf 81' lang='lat' dir='ltr'><strong>contradicentes</strong></span> <span class='ocrx_word' id='word_1_208' title='bbox 589 1450 620 1488; x_wconf 91' lang='lat' dir='ltr'><strong>sit</strong></span> <span class='ocrx_word' id='word_1_209' title='bbox 629 1450 705 1499; x_wconf 90' lang='lat' dir='ltr'><strong>potior</strong></span> <span class='ocrx_word' id='word_1_210' title='bbox 714 1451 800 1488; x_wconf 85' lang='lat' dir='ltr'><strong>hahen-</strong></span> 
     </span>
     <span class='ocr_line' id='line_1_27' title="bbox 38 1502 800 1551; baseline -0.001 -11"><span class='ocrx_word' id='word_1_211' title='bbox 38 1502 90 1540; x_wconf 89' lang='lat' dir='ltr'><strong>dus.</strong></span> <span class='ocrx_word' id='word_1_212' title='bbox 106 1524 127 1529; x_wconf 91' lang='lat'>-</span> <span class='ocrx_word' id='word_1_213' title='bbox 147 1502 234 1545; x_wconf 80' lang='lat' dir='ltr'><strong>Verani</strong></span> <span class='ocrx_word' id='word_1_214' title='bbox 253 1503 276 1540; x_wconf 89' lang='lat' dir='ltr'><strong>in</strong></span> <span class='ocrx_word' id='word_1_215' title='bbox 290 1513 324 1541; x_wconf 79' lang='lat' dir='ltr'><strong>ss.</strong></span> <span class='ocrx_word' id='word_1_216' title='bbox 338 1503 421 1540; x_wconf 85' lang='lat' dir='ltr'><strong>litteris</strong></span> <span class='ocrx_word' id='word_1_217' title='bbox 435 1503 549 1551; x_wconf 85' lang='lat' dir='ltr'><strong>interpres</strong></span> <span class='ocrx_word' id='word_1_218' title='bbox 564 1503 702 1548; x_wconf 83' lang='lat' dir='ltr'><strong>catholicus,</strong></span> <span class='ocrx_word' id='word_1_219' title='bbox 722 1506 800 1550; x_wconf 92' lang='lat' dir='ltr'><strong>utpote</strong></span> 
     </span>
     <span class='ocr_line' id='line_1_28' title="bbox 39 1554 801 1603; baseline -0.001 -11"><span class='ocrx_word' id='word_1_220' title='bbox 39 1554 68 1592; x_wconf 89' lang='lat' dir='ltr'><strong>de</strong></span> <span class='ocrx_word' id='word_1_221' title='bbox 82 1554 234 1602; x_wconf 84' lang='lat' dir='ltr'><strong>inspiratione</strong></span> <span class='ocrx_word' id='word_1_222' title='bbox 248 1555 342 1592; x_wconf 89' lang='lat' dir='ltr'><strong>illarunr</strong></span> <span class='ocrx_word' id='word_1_223' title='bbox 356 1566 497 1603; x_wconf 84' lang='lat' dir='ltr'><strong>persuasus,</strong></span> <span class='ocrx_word' id='word_1_224' title='bbox 516 1554 603 1591; x_wconf 88' lang='lat' dir='ltr'><strong>nullanr</strong></span> <span class='ocrx_word' id='word_1_225' title='bbox 621 1565 700 1591; x_wconf 80' lang='lat' dir='ltr'><strong>verani</strong></span> <span class='ocrx_word' id='word_1_226' title='bbox 721 1565 801 1591; x_wconf 88' lang='lat' dir='ltr'><strong>conee-</strong></span> 
     </span>
     <span class='ocr_line' id='line_1_29' title="bbox 39 1605 801 1656; baseline -0.001 -11"><span class='ocrx_word' id='word_1_227' title='bbox 39 1606 73 1645; x_wconf 89' lang='lat' dir='ltr'><strong>dit</strong></span> <span class='ocrx_word' id='word_1_228' title='bbox 87 1617 195 1656; x_wconf 81' lang='lat' dir='ltr'><strong>puguaru,</strong></span> <span class='ocrx_word' id='word_1_229' title='bbox 211 1608 233 1645; x_wconf 90' lang='lat' dir='ltr'><strong>et</strong></span> <span class='ocrx_word' id='word_1_230' title='bbox 247 1606 268 1645; x_wconf 90' lang='lat' dir='ltr'><strong>si</strong></span> <span class='ocrx_word' id='word_1_231' title='bbox 282 1607 337 1645; x_wconf 91' lang='lat' dir='ltr'><strong>talis</strong></span> <span class='ocrx_word' id='word_1_232' title='bbox 352 1605 530 1656; x_wconf 89' lang='lat' dir='ltr'><strong>deprehenditur</strong></span> <span class='ocrx_word' id='word_1_233' title='bbox 544 1606 604 1644; x_wconf 89' lang='lat' dir='ltr'><strong>inter</strong></span> <span class='ocrx_word' id='word_1_234' title='bbox 617 1605 754 1655; x_wconf 79' lang='lat' dir='ltr'><strong>scriptorem</strong></span> <span class='ocrx_word' id='word_1_235' title='bbox 764 1617 801 1644; x_wconf 90' lang='lat' dir='ltr'><strong>sa·</strong></span> 
     </span>
     <span class='ocr_line' id='line_1_30' title="bbox 40 1659 801 1708; baseline -0.001 -11"><span class='ocrx_word' id='word_1_236' title='bbox 40 1671 105 1698; x_wconf 84' lang='lat' dir='ltr'><strong>crura</strong></span> <span class='ocrx_word' id='word_1_237' title='bbox 120 1671 148 1697; x_wconf 90' lang='lat' dir='ltr'><strong>ac</strong></span> <span class='ocrx_word' id='word_1_238' title='bbox 161 1660 293 1708; x_wconf 76' lang='lat' dir='ltr'><strong>protanam,</strong></span> <span class='ocrx_word' id='word_1_239' title='bbox 308 1671 335 1698; x_wconf 88' lang='lat' dir='ltr'><strong>ex</strong></span> <span class='ocrx_word' id='word_1_240' title='bbox 349 1671 396 1708; x_wconf 93' lang='lat' dir='ltr'><strong>qua</strong></span> <span class='ocrx_word' id='word_1_241' title='bbox 410 1662 476 1708; x_wconf 89' lang='lat' dir='ltr'><strong>parte</strong></span> <span class='ocrx_word' id='word_1_242' title='bbox 490 1660 536 1697; x_wconf 91' lang='lat' dir='ltr'><strong>stet</strong></span> <span class='ocrx_word' id='word_1_243' title='bbox 550 1659 650 1704; x_wconf 81' lang='lat' dir='ltr'><strong>veritas,</strong></span> <span class='ocrx_word' id='word_1_244' title='bbox 665 1659 748 1697; x_wconf 88' lang='lat' dir='ltr'><strong>duhius</strong></span> <span class='ocrx_word' id='word_1_245' title='bbox 763 1670 801 1696; x_wconf 92' lang='lat' dir='ltr'><strong>ue-</strong></span> 
     </span>
     <span class='ocr_line' id='line_1_31' title="bbox 40 1711 802 1761; baseline -0.001 -12"><span class='ocrx_word' id='word_1_246' title='bbox 40 1722 157 1760; x_wconf 83' lang='lat' dir='ltr'><strong>quaquam</strong></span> <span class='ocrx_word' id='word_1_247' title='bbox 172 1711 283 1749; x_wconf 82' lang='lat' dir='ltr'><strong>haerebit.</strong></span> <span class='ocrx_word' id='word_1_248' title='bbox 297 1713 375 1761; x_wconf 74' lang='lat' dir='ltr'><strong>Quare</strong></span> <span class='ocrx_word' id='word_1_249' title='bbox 390 1712 411 1749; x_wconf 92' lang='lat' dir='ltr'><strong>si</strong></span> <span class='ocrx_word' id='word_1_250' title='bbox 425 1712 453 1749; x_wconf 94' lang='lat' dir='ltr'><strong>de</strong></span> <span class='ocrx_word' id='word_1_251' title='bbox 466 1711 550 1759; x_wconf 78' lang='lat' dir='ltr'><strong>pugnis</strong></span> <span class='ocrx_word' id='word_1_252' title='bbox 565 1712 588 1748; x_wconf 89' lang='lat' dir='ltr'><strong>in</strong></span> <span class='ocrx_word' id='word_1_253' title='bbox 602 1722 621 1748; x_wconf 90' lang='lat' dir='ltr'><strong>s.</strong></span> <span class='ocrx_word' id='word_1_254' title='bbox 636 1711 756 1759; x_wconf 83' lang='lat' dir='ltr'><strong>Scriptura</strong></span> <span class='ocrx_word' id='word_1_255' title='bbox 766 1713 802 1748; x_wconf 88' lang='lat' dir='ltr'><strong>est</strong></span> 
     </span>
     <span class='ocr_line' id='line_1_32' title="bbox 40 1763 801 1813; baseline -0.004 -9"><span class='ocrx_word' id='word_1_256' title='bbox 40 1776 130 1811; x_wconf 86' lang='lat' dir='ltr'><strong>serrae,</strong></span> <span class='ocrx_word' id='word_1_257' title='bbox 149 1763 348 1813; x_wconf 78' lang='lat' dir='ltr'><strong>distinguendum,</strong></span> <span class='ocrx_word' id='word_1_258' title='bbox 368 1776 423 1803; x_wconf 83' lang='lat' dir='ltr'><strong>num</strong></span> <span class='ocrx_word' id='word_1_259' title='bbox 442 1764 502 1802; x_wconf 85' lang='lat' dir='ltr'><strong>tales</strong></span> <span class='ocrx_word' id='word_1_260' title='bbox 516 1765 649 1802; x_wconf 88' lang='lat' dir='ltr'><strong>statuantur</strong></span> <span class='ocrx_word' id='word_1_261' title='bbox 664 1763 723 1802; x_wconf 89' lang='lat' dir='ltr'><strong>iuter</strong></span> <span class='ocrx_word' id='word_1_262' title='bbox 736 1763 801 1812; x_wconf 91' lang='lat' dir='ltr'><strong>ipsos</strong></span> 
     </span>
     <span class='ocr_line' id='line_1_33' title="bbox 40 1816 802 1866; baseline -0.004 -10"><span class='ocrx_word' id='word_1_263' title='bbox 40 1828 124 1856; x_wconf 86' lang='lat' dir='ltr'><strong>sacros</strong></span> <span class='ocrx_word' id='word_1_264' title='bbox 142 1816 281 1866; x_wconf 84' lang='lat' dir='ltr'><strong>scriptores,</strong></span> <span class='ocrx_word' id='word_1_265' title='bbox 300 1829 331 1856; x_wconf 88' lang='lat' dir='ltr'><strong>arr</strong></span> <span class='ocrx_word' id='word_1_266' title='bbox 348 1818 408 1856; x_wconf 90' lang='lat' dir='ltr'><strong>inter</strong></span> <span class='ocrx_word' id='word_1_267' title='bbox 426 1827 521 1855; x_wconf 86' lang='lat' dir='ltr'><strong>sacrum</strong></span> <span class='ocrx_word' id='word_1_268' title='bbox 539 1828 567 1854; x_wconf 88' lang='lat' dir='ltr'><strong>ac</strong></span> <span class='ocrx_word' id='word_1_269' title='bbox 586 1817 709 1866; x_wconf 80' lang='lat' dir='ltr'><strong>profanum</strong></span> <span class='ocrx_word' id='word_1_270' title='bbox 723 1818 802 1853; x_wconf 86' lang='lat' dir='ltr'><strong>aueto-</strong></span> 
     </span>
     <span class='ocr_line' id='line_1_34' title="bbox 40 1870 513 1918; baseline -0.008 -9"><span class='ocrx_word' id='word_1_271' title='bbox 40 1881 97 1909; x_wconf 89' lang='lat' dir='ltr'><strong>reru.</strong></span> <span class='ocrx_word' id='word_1_272' title='bbox 110 1870 158 1908; x_wconf 89' lang='lat' dir='ltr'><strong>Hinc</strong></span> <span class='ocrx_word' id='word_1_273' title='bbox 172 1871 270 1918; x_wconf 88' lang='lat' dir='ltr'><strong>quaeritur</strong></span> <span class='ocrx_word' id='word_1_274' title='bbox 504 1881 513 1905; x_wconf 65' lang='grc' dir='ltr'>ι</span> 
     </span>
    </p>
   </div>
   <div class='ocr_carea' id='block_1_3' title="bbox 387 1966 459 2036">
    <p class='ocr_par' dir='ltr' id='par_1_7' title="bbox 387 1966 459 2036">
     <span class='ocr_line' id='line_1_35' title="bbox 387 1966 459 2036; baseline -0.014 -10"><span class='ocrx_word' id='word_1_275' title='bbox 387 1966 459 2036; x_wconf 72' lang='lat' dir='ltr'><strong>§.ee</strong></span> 
     </span>
    </p>
   </div>
   <div class='ocr_carea' id='block_1_4' title="bbox 169 2052 677 2095">
    <p class='ocr_par' dir='ltr' id='par_1_8' title="bbox 169 2052 677 2095">
     <span class='ocr_line' id='line_1_36' title="bbox 169 2052 677 2095; baseline -0.004 -11"><span class='ocrx_word' id='word_1_276' title='bbox 169 2052 211 2091; x_wconf 81' lang='lat' dir='ltr'><strong>Quid</strong></span> <span class='ocrx_word' id='word_1_277' title='bbox 222 2054 243 2084; x_wconf 86' lang='lat' dir='ltr'><strong>sit</strong></span> <span class='ocrx_word' id='word_1_278' title='bbox 252 2054 344 2095; x_wconf 86' lang='lat' dir='ltr'><strong>interpretis</strong></span> <span class='ocrx_word' id='word_1_279' title='bbox 358 2064 371 2085; x_wconf 85' lang='lat' dir='ltr'><strong>s.</strong></span> <span class='ocrx_word' id='word_1_280' title='bbox 387 2054 479 2095; x_wconf 84' lang='lat' dir='ltr'><strong>Scripturae</strong></span> <span class='ocrx_word' id='word_1_281' title='bbox 493 2058 569 2094; x_wconf 79' lang='lat' dir='ltr'><strong>respectu</strong></span> <span class='ocrx_word' id='word_1_282' title='bbox 583 2061 677 2094; x_wconf 79' lang='lat' dir='ltr'><strong>pugnarum.</strong></span> 
     </span>
    </p>
   </div>
   <div class='ocr_carea' id='block_1_5' title="bbox 43 2129 810 2754">
    <p class='ocr_par' dir='ltr' id='par_1_9' title="bbox 94 2129 432 2183">
     <span class='ocr_line' id='line_1_37' title="bbox 94 2129 432 2183; baseline 0.003 -11"><span class='ocrx_word' id='word_1_283' title='bbox 94 2133 194 2172; x_wconf 84' lang='lat' dir='ltr'><strong>Ratione</strong></span> <span class='ocrx_word' id='word_1_284' title='bbox 207 2133 288 2172; x_wconf 85' lang='lat' dir='ltr'><strong>hahita</strong></span> <span class='ocrx_word' id='word_1_285' title='bbox 301 2129 432 2183; x_wconf 78' lang='lat' dir='ltr'><strong>pugnarum</strong></span> 
     </span>
    </p>

    <p class='ocr_par' dir='ltr' id='par_1_10' title="bbox 43 2184 809 2549">
     <span class='ocr_line' id='line_1_38' title="bbox 95 2184 804 2236; baseline -0.007 -12"><span class='ocrx_word' id='word_1_286' title='bbox 95 2188 118 2224; x_wconf 89' lang='lat' dir='ltr'><strong>A.</strong></span> <span class='ocrx_word' id='word_1_287' title='bbox 133 2187 295 2236; x_wconf 86' lang='lat' dir='ltr'><strong>apparentium</strong></span> <span class='ocrx_word' id='word_1_288' title='bbox 313 2187 373 2226; x_wconf 90' lang='lat' dir='ltr'><strong>inter</strong></span> <span class='ocrx_word' id='word_1_289' title='bbox 391 2199 424 2227; x_wconf 89' lang='lat' dir='ltr'><strong>ss.</strong></span> <span class='ocrx_word' id='word_1_290' title='bbox 439 2186 578 2236; x_wconf 90' lang='lat' dir='ltr'><strong>scriptores:</strong></span> <span class='ocrx_word' id='word_1_291' title='bbox 597 2186 673 2234; x_wconf 76' lang='lat' dir='ltr'><strong>Quum</strong></span> <span class='ocrx_word' id='word_1_292' title='bbox 691 2184 804 2231; x_wconf 89' lang='lat' dir='ltr'><strong>interpres</strong></span> 
     </span>
     <span class='ocr_line' id='line_1_39' title="bbox 43 2237 805 2288; baseline -0.008 -11"><span class='ocrx_word' id='word_1_293' title='bbox 43 2239 172 2277; x_wconf 87' lang='lat' dir='ltr'><strong>catholicus</strong></span> <span class='ocrx_word' id='word_1_294' title='bbox 190 2250 270 2277; x_wconf 81' lang='lat' dir='ltr'><strong>verani</strong></span> <span class='ocrx_word' id='word_1_295' title='bbox 289 2239 349 2278; x_wconf 91' lang='lat' dir='ltr'><strong>inter</strong></span> <span class='ocrx_word' id='word_1_296' title='bbox 364 2251 397 2278; x_wconf 84' lang='lat' dir='ltr'><strong>ss.</strong></span> <span class='ocrx_word' id='word_1_297' title='bbox 416 2240 542 2288; x_wconf 86' lang='lat' dir='ltr'><strong>scriptores</strong></span> <span class='ocrx_word' id='word_1_298' title='bbox 561 2238 687 2276; x_wconf 88' lang='lat' dir='ltr'><strong>concedere</strong></span> <span class='ocrx_word' id='word_1_299' title='bbox 706 2237 805 2282; x_wconf 81' lang='lat' dir='ltr'><strong>nequeat</strong></span> 
     </span>
     <span class='ocr_line' id='line_1_40' title="bbox 43 2286 805 2342; baseline -0.008 -13"><span class='ocrx_word' id='word_1_300' title='bbox 43 2291 257 2339; x_wconf 79' lang='lat' dir='ltr'><strong>contradictionem,</strong></span> <span class='ocrx_word' id='word_1_301' title='bbox 272 2290 324 2339; x_wconf 88' lang='lat' dir='ltr'><strong>ejus</strong></span> <span class='ocrx_word' id='word_1_302' title='bbox 335 2294 371 2331; x_wconf 91' lang='lat' dir='ltr'><strong>est</strong></span> <span class='ocrx_word' id='word_1_303' title='bbox 379 2294 487 2342; x_wconf 85' lang='lat' dir='ltr'><strong>respectu</strong></span> <span class='ocrx_word' id='word_1_304' title='bbox 497 2290 656 2340; x_wconf 90' lang='lat' dir='ltr'><strong>adparentiuru</strong></span> <span class='ocrx_word' id='word_1_305' title='bbox 666 2289 689 2327; x_wconf 91' lang='lat' dir='ltr'><strong>in</strong></span> <span class='ocrx_word' id='word_1_306' title='bbox 698 2299 717 2325; x_wconf 88' lang='lat' dir='ltr'><strong>s.</strong></span> <span class='ocrx_word' id='word_1_307' title='bbox 728 2286 805 2335; x_wconf 88' lang='lat' dir='ltr'><strong>Scrip-</strong></span> 
     </span>
     <span class='ocr_line' id='line_1_41' title="bbox 43 2341 806 2393; baseline -0.008 -12"><span class='ocrx_word' id='word_1_308' title='bbox 43 2346 96 2382; x_wconf 91' lang='lat' dir='ltr'><strong>tura</strong></span> <span class='ocrx_word' id='word_1_309' title='bbox 106 2355 244 2393; x_wconf 75' lang='lat' dir='ltr'><strong>pugnarunt,</strong></span> <span class='ocrx_word' id='word_1_310' title='bbox 259 2345 365 2393; x_wconf 78' lang='lat' dir='ltr'><strong>detegere</strong></span> <span class='ocrx_word' id='word_1_311' title='bbox 376 2347 398 2382; x_wconf 89' lang='lat' dir='ltr'><strong>et</strong></span> <span class='ocrx_word' id='word_1_312' title='bbox 408 2346 528 2383; x_wconf 79' lang='lat' dir='ltr'><strong>obstruere</strong></span> <span class='ocrx_word' id='word_1_313' title='bbox 543 2344 627 2386; x_wconf 81' lang='lat' dir='ltr'><strong>fontes,</strong></span> <span class='ocrx_word' id='word_1_314' title='bbox 641 2341 701 2379; x_wconf 88' lang='lat' dir='ltr'><strong>urrde</strong></span> <span class='ocrx_word' id='word_1_315' title='bbox 715 2350 806 2388; x_wconf 79' lang='lat' dir='ltr'><strong>pugnae</strong></span> 
     </span>
     <span class='ocr_line' id='line_1_42' title="bbox 44 2394 807 2445; baseline -0.005 -11"><span class='ocrx_word' id='word_1_316' title='bbox 44 2396 119 2434; x_wconf 86' lang='lat' dir='ltr'><strong>oritur</strong></span> <span class='ocrx_word' id='word_1_317' title='bbox 135 2396 233 2445; x_wconf 86' lang='lat' dir='ltr'><strong>species.</strong></span> <span class='ocrx_word' id='word_1_318' title='bbox 257 2397 316 2435; x_wconf 84' lang='lat' dir='ltr'><strong>Srrrrt</strong></span> <span class='ocrx_word' id='word_1_319' title='bbox 334 2408 390 2434; x_wconf 80' lang='lat' dir='ltr'><strong>vero</strong></span> <span class='ocrx_word' id='word_1_320' title='bbox 409 2398 486 2435; x_wconf 80' lang='lat' dir='ltr'><strong>fontes</strong></span> <span class='ocrx_word' id='word_1_321' title='bbox 504 2396 528 2433; x_wconf 91' lang='lat' dir='ltr'><strong>hi</strong></span> <span class='ocrx_word' id='word_1_322' title='bbox 545 2396 583 2434; x_wconf 91' lang='lat' dir='ltr'><strong>vel</strong></span> <span class='ocrx_word' id='word_1_323' title='bbox 602 2394 807 2438; x_wconf 70' lang='lat' dir='ltr'><strong>manuteneamus,</strong></span> 
     </span>
     <span class='ocr_line' id='line_1_43' title="bbox 43 2444 809 2498; baseline -0.005 -12"><span class='ocrx_word' id='word_1_324' title='bbox 43 2449 81 2486; x_wconf 90' lang='lat' dir='ltr'><strong>vel</strong></span> <span class='ocrx_word' id='word_1_325' title='bbox 101 2449 183 2486; x_wconf 89' lang='lat' dir='ltr'><strong>vitium</strong></span> <span class='ocrx_word' id='word_1_326' title='bbox 203 2448 413 2498; x_wconf 87' lang='lat' dir='ltr'><strong>interpretationis,</strong></span> <span class='ocrx_word' id='word_1_327' title='bbox 434 2450 474 2487; x_wconf 90' lang='lat' dir='ltr'><strong>vel</strong></span> <span class='ocrx_word' id='word_1_328' title='bbox 492 2459 613 2486; x_wconf 88' lang='lat' dir='ltr'><strong>erroneum</strong></span> <span class='ocrx_word' id='word_1_329' title='bbox 632 2444 764 2493; x_wconf 88' lang='lat' dir='ltr'><strong>interpretis</strong></span> <span class='ocrx_word' id='word_1_330' title='bbox 784 2445 809 2483; x_wconf 89' lang='lat' dir='ltr'><strong>iu</strong></span> 
     </span>
     <span class='ocr_line' id='line_1_44' title="bbox 43 2500 666 2549; baseline -0.008 -10"><span class='ocrx_word' id='word_1_331' title='bbox 43 2501 148 2539; x_wconf 86' lang='lat' dir='ltr'><strong>locorum</strong></span> <span class='ocrx_word' id='word_1_332' title='bbox 163 2500 465 2549; x_wconf 85' lang='lat' dir='ltr'><strong>coruparationejruliciurn.</strong></span> <span class='ocrx_word' id='word_1_333' title='bbox 480 2501 539 2539; x_wconf 88' lang='lat' dir='ltr'><strong>iiiuc</strong></span> <span class='ocrx_word' id='word_1_334' title='bbox 553 2500 666 2546; x_wconf 89' lang='lat' dir='ltr'><strong>interpres</strong></span> 
     </span>
    </p>

    <p class='ocr_par' dir='ltr' id='par_1_11' title="bbox 44 2549 810 2754">
     <span class='ocr_line' id='line_1_45' title="bbox 100 2549 810 2602; baseline -0.003 -12"><span class='ocrx_word' id='word_1_335' title='bbox 100 2553 120 2590; x_wconf 87' lang='lat'><strong>1.</strong></span> <span class='ocrx_word' id='word_1_336' title='bbox 135 2553 233 2591; x_wconf 82' lang='lat' dir='ltr'><strong>sollicite</strong></span> <span class='ocrx_word' id='word_1_337' title='bbox 247 2554 341 2602; x_wconf 79' lang='lat' dir='ltr'><strong>indaget</strong></span> <span class='ocrx_word' id='word_1_338' title='bbox 355 2554 379 2592; x_wconf 91' lang='lat' dir='ltr'><strong>in</strong></span> <span class='ocrx_word' id='word_1_339' title='bbox 394 2553 548 2602; x_wconf 81' lang='lat' dir='ltr'><strong>iutegritatem</strong></span> <span class='ocrx_word' id='word_1_340' title='bbox 563 2553 649 2595; x_wconf 74' lang='lat' dir='ltr'><strong>textus,</strong></span> <span class='ocrx_word' id='word_1_341' title='bbox 668 2551 690 2587; x_wconf 92' lang='lat' dir='ltr'><strong>et</strong></span> <span class='ocrx_word' id='word_1_342' title='bbox 704 2549 745 2587; x_wconf 85' lang='lat' dir='ltr'><strong>rrhi</strong></span> <span class='ocrx_word' id='word_1_343' title='bbox 760 2561 810 2588; x_wconf 91' lang='lat' dir='ltr'><strong>cor-</strong></span> 
     </span>
     <span class='ocr_line' id='line_1_46' title="bbox 44 2601 810 2654; baseline -0.003 -12"><span class='ocrx_word' id='word_1_344' title='bbox 44 2605 159 2653; x_wconf 85' lang='lat' dir='ltr'><strong>ruptionis</strong></span> <span class='ocrx_word' id='word_1_345' title='bbox 178 2605 276 2643; x_wconf 85' lang='lat' dir='ltr'><strong>fundata</strong></span> <span class='ocrx_word' id='word_1_346' title='bbox 295 2606 361 2644; x_wconf 90' lang='lat' dir='ltr'><strong>adest</strong></span> <span class='ocrx_word' id='word_1_347' title='bbox 376 2605 490 2654; x_wconf 83' lang='lat' dir='ltr'><strong>suspicio,</strong></span> <span class='ocrx_word' id='word_1_348' title='bbox 510 2603 606 2641; x_wconf 90' lang='lat' dir='ltr'><strong>eundern</strong></span> <span class='ocrx_word' id='word_1_349' title='bbox 621 2601 734 2650; x_wconf 87' lang='lat' dir='ltr'><strong>pristinae</strong></span> <span class='ocrx_word' id='word_1_350' title='bbox 748 2603 810 2651; x_wconf 91' lang='lat' dir='ltr'><strong>puri·</strong></span> 
     </span>
     <span class='ocr_line' id='line_1_47' title="bbox 44 2656 810 2703; baseline -0.005 -8"><span class='ocrx_word' id='word_1_351' title='bbox 44 2657 89 2695; x_wconf 90' lang='lat' dir='ltr'><strong>tati</strong></span> <span class='ocrx_word' id='word_1_352' title='bbox 107 2668 165 2695; x_wconf 89' lang='lat' dir='ltr'><strong>suae</strong></span> <span class='ocrx_word' id='word_1_353' title='bbox 182 2658 306 2696; x_wconf 90' lang='lat' dir='ltr'><strong>restituere</strong></span> <span class='ocrx_word' id='word_1_354' title='bbox 324 2661 427 2696; x_wconf 88' lang='lat' dir='ltr'><strong>conetur.</strong></span> <span class='ocrx_word' id='word_1_355' title='bbox 443 2656 554 2695; x_wconf 76' lang='lat' dir='ltr'><strong>vSufficiens</strong></span> <span class='ocrx_word' id='word_1_356' title='bbox 574 2665 620 2692; x_wconf 86' lang='lat' dir='ltr'><strong>uero</strong></span> <span class='ocrx_word' id='word_1_357' title='bbox 641 2658 725 2703; x_wconf 80' lang='lat' dir='ltr'><strong>corrupti</strong></span> <span class='ocrx_word' id='word_1_358' title='bbox 746 2660 810 2693; x_wconf 67' lang='lat' dir='ltr'><strong>tamtus</strong></span> 
     </span>
     <span class='ocr_line' id='line_1_48' title="bbox 44 2707 810 2754; baseline -0.004 -7"><span class='ocrx_word' id='word_1_359' title='bbox 44 2710 186 2748; x_wconf 81' lang='lat' dir='ltr'><strong>tundamentum</strong></span> <span class='ocrx_word' id='word_1_360' title='bbox 203 2721 241 2748; x_wconf 87' lang='lat' dir='ltr'><strong>non</strong></span> <span class='ocrx_word' id='word_1_361' title='bbox 259 2711 317 2749; x_wconf 90' lang='lat' dir='ltr'><strong>modo</strong></span> <span class='ocrx_word' id='word_1_362' title='bbox 335 2715 373 2748; x_wconf 88' lang='lat' dir='ltr'><strong>turn</strong></span> <span class='ocrx_word' id='word_1_363' title='bbox 388 2710 477 2754; x_wconf 86' lang='lat' dir='ltr'><strong>hahetur,</strong></span> <span class='ocrx_word' id='word_1_364' title='bbox 495 2708 512 2745; x_wconf 92' lang='lat' dir='ltr'><strong>si</strong></span> <span class='ocrx_word' id='word_1_365' title='bbox 530 2707 627 2745; x_wconf 89' lang='lat' dir='ltr'><strong>luculenta</strong></span> <span class='ocrx_word' id='word_1_366' title='bbox 645 2709 754 2746; x_wconf 86' lang='lat' dir='ltr'><strong>testimonia</strong></span> <span class='ocrx_word' id='word_1_367' title='bbox 773 2708 810 2745; x_wconf 90' lang='lat' dir='ltr'><strong>ad-</strong></span> 
     </span>
    </p>
   </div>
   <div class='ocr_carea' id='block_1_6' title="bbox 0 0 913 2921">
    <p class='ocr_par' dir='ltr' id='par_1_12' title="bbox 0 0 913 2921">
     <span class='ocr_line' id='line_1_49' title="bbox 0 0 913 2921; baseline 0 0"><span class='ocrx_word' id='word_1_368' title='bbox 0 0 913 2921; x_wconf 95' lang='lat' dir='ltr'><strong> </strong></span> 
     </span>
    </p>
   </div>
  </div>
 </body>
</html>
