1765 2921
71 90 115 130 tts

71 186 182 237 recondito,
202 186 270 224 taciem
288 186 366 225 sudario
384 185 489 223 involutam
502 184 602 234 pedesque
615 185 685 236 ligatos
699 187 794 234 habente,
813 187 836 226 ad

71 239 142 277 Christi
154 249 224 276 uocem
237 250 285 276 vero
299 241 319 276 in
332 240 390 276 vitani
408 241 499 275 revocato
519 238 625 286 explicaret
642 239 666 276 de
684 244 797 290 peccatore,
817 242 836 277 in

71 290 186 341 pro'lundum
198 292 305 352 'iniquitati-s
318 290 415 337 immerso,
429 293 493 327 mente
506 301 586 338 prorsus
601 288 707 329 obcoecato
722 296 742 329 et
755 303 836 340 perver-

71 344 133 382 sitatis
148 344 203 404 quasi
216 344 321 391 mancipio,
340 354 375 391 per
393 342 516 391 religionem
525 346 587 379 nutem
605 342 629 379 ad
646 344 807 395 resipiscentiam
817 348 837 381 et

71 395 172 445 proinde'
166 407 186 432 m
200 400 268 432 novam
282 396 338 432 vitam
354 393 471 442 spiritualem
484 394 595 432 reducendo
603 393 627 440 ¹).

65 480 67 482 .
99 447 158 497 Ειι
171 445 262 485 dietis
250 458 303 494 Jam
317 446 386 485 facile
400 446 547 508 intelligitur,
561 446 684 496 mysticam
698 458 718 485 s.
732 446 836 502 Scriptu-

72 511 114 539 rae
132 499 320 538 tractationem
314 498 439 548 improprie
456 500 547 537 tautum
559 498 780 560 interpretationem
796 511 836 538 no·

67 551 168 614 minari,
187 551 301 599 siquidem
315 551 464 600 interpretari
481 553 518 588 est
534 562 630 589 sensum
643 551 780 600 loquentis'
774 562 836 590 inve-

72 604 123 644 nire
137 605 160 642 et
174 614 299 653 exponere,
313 604 360 643 noir
373 614 430 642 vero
444 603 502 642 talia
516 598 619 653 cogitata
633 603 701 643 dictis
716 602 768 651 ejus
782 604 836 642 sub·

69 656 156 705 jicere‚
176 667 236 705 quae
249 656 369 696 mentem
364 656 449 706 ipsius,
464 657 519 695 dum
532 657 681 718 loquebatur,
700 668 746 696 uon
761 650 837 695 subie-

72 709 301 749 ruiit.·Ninitominus
315 712 393 748 tamen
406 711 493 748 temere
502 711 588 758 ageret,
603 709 643 757 qui
651 710 721 748 istam
730 721 749 748 s.
759 709 836 759 Scrip-

73 765 141 806 turae
154 761 292 801 tractandae
306 763 421 811 rationem
435 762 485 800 sine
499 761 632 800 discrimine
646 762 788 815 improbaret
801 773 837 800 re-

68 815 213 864 jlceretque3
228 816 298 853 etenim

129 868 149 906 1.
163 867 290 916 vituperari
304 867 395 915 nequit,
414 853 532 923 quamdiu
543 866 596 914 quis'
610 866 686 905 talis
701 866 836 917 scripturae

75 932 121 959 usu
135 923 263 969 occupatus
277 923 300 968 o)
309 919 423 968 cogitata,
438 920 499 967 quae
513 919 581 957 dictis
596 919 658 958 illius
673 918 776 967 subjicit,
791 931 837 958 non

74 984 117 1023 pro
131 973 249 1021 loquentis
261 983 333 1011 sensu
346 971 461 1018 varianae,
480 982 555 1020 neque
574 973 596 1018 b)
610 972 738 1011 modestiae
748 984 784 1016 ¹ac
802 984 837 1010 re·

74 1026 192 1064 venantiae
206 1036 239 1063 ss.
254 1024 337 1063 litteris
352 1024 443 1063 debitae
457 1024 629 1073 transgreditur
640 1024 771 1073 ⁴terminos3
791 1025 837 1063 imo

127 1079 148 1116 2.
162 1077 226 1116 utilis
240 1078 355 1126 laudeque
373 1077 443 1126 digna
460 1077 515 1116 talis
535 1077 619 1126 agendi
637 1077 697 1116 ratio
716 1082 769 1116 osse
788 1078 837 1126 po't·

73 1133 121 1178 est,
140 1130 228 1179 siquis
243 1130 307 1168 illam
321 1141 349 1168 eo
363 1129 462 1179 suscipit
479 1130 589 1177 coirsilio,
609 1132 634 1167 ut
648 1134 670 1177 a)
685 1130 785 1168 orationi
799 1141 837 1168 sa-

32 1215 35 1219 ,
74 1195 128 1222 crae
142 1183 257 1231 majorem
271 1183 375 1232 vigorem
392 1184 545 1231 oruaturnque
564 1183 647 1230 addat;
665 1183 702 1221 vel
715 1184 737 1231 β)
753 1183 836 1221 adata

73 1236 118 1275 sibi
132 1236 242 1285 pericopa
261 1238 302 1273 aut
319 1237 382 1273 textu
401 1234 485 1273 biblico
504 1234 567 1273 viam
583 1235 628 1273 sibi
642 1237 719 1274 struat
734 1235 764 1273 ad
778 1236 836 1273 veri-

72 1291 134 1327 tates
149 1287 268 1337 religionis
282 1288 419 1326 tractandas
434 1289 456 1325 et
466 1287 558 1325 aliunde
569 1287 621 1325 dein
631 1287 836 1350 demonstrandas3

72 1341 110 1379 tel
124 1341 145 1379 si
159 1344 179 1388 J)
194 1342 288 1378 servato
299 1339 366 1387 justo
380 1340 449 1378 modo
464 1351 516 1377 cum
531 1339 598 1377 dietis
611 1340 750 1388 quibusdam
760 1340 836 1383 sacris

67 1393 126 1441 ejus
141 1404 184 1442 ope
198 1392 322 1441 religiosas
336 1392 447 1430 veritates
462 1391 590 1440 conjungit,
605 1394 630 1429 ut
640 1392 766 1439 auditores,
781 1404 837 1441 quo·

73 1446 210 1493 tiescunque
228 1445 275 1482 ista
286 1444 380 1482 'dicta'
374 1456 398 1483 m
416 1444 552 1482 memoriam
567 1455 646 1482 eorum
661 1445 768 1492 redeunt,
787 1445 837 1483 illo·

73 1509 125 1536 rum
139 1498 209 1536 simul
222 1496 362 1535 indultorum
376 1497 535 1535 recordentur.
555 1495 714 1543 Ejusmodis.
733 1496 837 1546 Scriptu-

73 1561 115 1595 rae
129 1561 198 1588 usum
212 1549 278 1587 multi
296 1561 329 1588 ss.
343 1549 452 1595 Patrurn,
472 1550 494 1587 et
511 1548 709 1598 praestantissimi
727 1549 835 1587 doctores

73 1602 187 1641 ecclesiae
201 1600 338 1652 recuruum).
401 1602 405 1606 '

126 1653 331 1692 Verumenimvero
346 1653 368 1691 si
381 1652 434 1701 quis
449 1652 558 1701 cogitata,
573 1663 633 1700 quae
648 1653 718 1692 certis
730 1666 749 1692 s.
759 1651 836 1702 Scrip-

73 1708 141 1744 turae
155 1706 213 1744 locis
228 1716 271 1754 ope
285 1704 432 1743 tractationis
442 1704 554 1753 mysticae
564 1703 666 1752 subjicit,
681 1706 772 1755 abipso
783 1717 837 1744 auc-

72 1761 124 1797 tore
137 1758 174 1796 vel
188 1757 278 1807 Spiritu
291 1769 311 1796 s.
324 1757 357 1795 ibi
371 1758 477 1807 spectata
491 1768 544 1795 esse
563 1758 698 1803 contendat,
717 1758 792 1807 iisque
806 1758 837 1796 ad

73 1810 261 1859 comprobandas
275 1810 386 1847 veritates
400 1809 520 1859 religionis
539 1809 572 1846 uti
590 1809 657 1856 velit,
676 1810 836 1859 interpretatio

74 1862 173 1911 mystica
188 1861 314 1922 approbari
328 1861 420 1913 nequit,
439 1861 507 1909 idque
526 1872 553 1899 eo
570 1859 658 1908 lirinus,
677 1873 706 1900 ae
724 1862 836 1908 rationes,

73 1925 133 1964 quas
148 1913 240 1964 patroni
254 1911 306 1960 ejus
321 1910 453 1962 proferunt,
472 1913 593 1973 speciosae
607 1915 697 1967 potius,
715 1925 785 1963 quam
799 1925 836 1953 so-

73 1967 134 2005 lidae
148 1966 303 2012 inveniuntur,
319 1970 375 2014 prout
388 1965 464 2014 patebit,
479 1967 496 2003 si
511 1967 642 2003 examinantur

72 2155 171 2194 Olunta
185 2159 232 2186 not'os
247 2155 283 2187 illos
298 2154 396 2187 versiculos:
411 2155 491 2186 Litterar
480 2159 525 2194 gestu
537 2154 586 2184 docet
597 2158 627 2184 etc.
638 2164 696 2185 sensus
708 2155 783 2194 mysticus
795 2155 837 2186 dim'-
839 2158 843 2161 ’

127 2196 183 2227 ditur
179 2206 195 2226 m
206 2197 319 2238 allegoricum,
331 2197 408 2228 moralem
419 2202 436 2227 et
446 2205 557 2237 anagogicum
573 2194 679 2235 Allcgorieo-
670 2202 723 2236 inps
725 2206 758 2228 rcus
774 2197 836 2236 dicitur,

127 2244 207 2279 quatenus
219 2239 239 2269 ad
250 2239 297 2271 tidem
308 2240 385 2277 refertur
400 2238 513 2269 moraliter-
524 2247 553 2268 seu
563 2237 678 2278 tropolo„ico
669 2240 766 2278 -mysticus,
779 2245 837 2280 quate<

126 2290 157 2312 uus
169 2280 257 2311 doctrinam
268 2282 345 2312 moralem
357 2281 440 2330 ιιιιιιξιιιιι;
452 2280 552 2329 anagogico·
543 2289 576 2319 -rnJ
576 2280 634 2318 sticus,
646 2282 661 2311 in
674 2287 748 2322 quantum
760 2282 836 2312 cumvita

128 2323 193 2354 altera
188 2332 204 2352 m
216 2321 294 2354 relatione
311 2329 335 2354 est
349 2324 419 2363 positus,
434 2331 463 2352 seu
474 2331 538 2361 paucis
554 2321 596 2352 attae
586 2323 649 2363 gericus
664 2324 721 2362 edicit,
738 2323 775 2364 quid
790 2322 836 2354 nobis

127 2366 148 2396 nit
159 2363 287 2401 credendum
281 2363 452 2405 ropologieus,quid
464 2363 553 2403 agendum
565 2373 607 2393 anar
596 2365 673 2404 magicus
689 2365 837 2406 quidsitsperan-

128 2406 164 2437 dum
176 2411 203 2436 aut
214 2414 246 2448 quo
257 2406 360 2440 tendendum.

97 2449 113 2483 tt
125 2447 157 2480 cfr.
169 2458 183 2479 ι.
195 2457 210 2488 ξ.
222 2446 304 2479 blasillon:
319 2447 387 2478 Sermon
401 2456 442 2487 pour
456 2446 472 2477 le
487 2446 565 2478 vendredi
580 2447 600 2478 de
614 2446 629 2478 la
644 2449 723 2489 premiere
734 2449 805 2479 semaiae
816 2436 837 2477 de

89 2506 93 2510 ι
127 2491 199 2563 fctarerne,
211 2489 271 2521 tomi.
283 2489 373 2531 page218
384 2491 430 2530 seqq.
442 2494 458 2530 et
469 2488 488 2519 al.
500 2489 538 2520 edit
549 2489 592 2520 Paris
605 2489 651 2522 1838.
666 2492 706 2521 cbez
719 2489 778 2521 Firmin
788 2489 837 2521 Didot

133 2533 177 2563 ubres
