1787 2921
774 112 803 151 79

41 223 78 258 'res
92 224 139 252 non
153 218 251 262 prorsus
265 211 402 261 repudiandi
416 211 470 259 sint,
485 212 553 259 longe
562 212 639 248 tumen
649 212 803 262 postponendi

41 265 162 311 suminis,
177 264 216 311 quii
231 264 314 302 seriori
328 274 386 301 aevo
401 263 553 311 scripserunt,
568 272 641 309 coque
655 265 742 311 naamis,
757 275 802 311 quo

41 315 164 359 viciniores
178 316 272 354 fuerunt
286 315 335 353 sive
354 314 437 361 aetati,
455 315 505 352 sive
523 313 614 363 patriae
631 313 802 362 Apostolorum,

40 372 76 414 vel
90 368 160 410 etiam
174 381 219 421 quo
234 367 369 419 simpliciori
387 368 448 418 stylo
467 369 569 408 utuntur.
590 367 620 406 Ex
634 366 662 405 his
677 372 752 416 praeter
765 369 803 407 Pa-

40 432 78 463 tres
92 434 174 471 graecos
184 423 347 460 commendantur:
361 423 457 469 Polybius,
472 423 504 469 qui
514 422 565 458 cirea
575 421 725 458 ducentesimum
734 433 803 458 aunum

40 479 82 514 ante
97 473 191 510 Christum
206 472 279 517 tloruit;
297 472 392 508 Diodorus
411 473 496 518 Siculus,
516 473 548 519 qui
562 472 612 508 Julio
628 471 715 516 Caesari3
733 472 803 509 Arria-

40 536 80 576 nus,
96 525 127 574 qui
141 524 236 562 Hadriano
251 521 367 571 (tta-138
381 534 399 572 p.
414 522 457 569 Cb.)
472 523 512 560 tere
527 533 610 561 coaevus
624 522 667 570 luit.
680 523 803 561 etHerodia-

40 591 85 628 nus,
105 579 136 628 qui
151 577 194 628 styli
208 577 327 628 simplicitate
341 588 386 626 prae
401 577 471 615 ceteris
486 577 563 625 eminet,
584 580 602 615 et
616 575 747 617 ducentesimo
763 577 803 615 cir-

40 635 86 670 citer
101 642 150 668 anno
164 643 182 678 p.
197 630 230 667 Cb.
244 632 297 667 vixit.
311 630 341 666 Ad
355 641 371 667 s.
385 630 437 666 Pauli
451 629 553 666 dictionem
570 630 700 668 illustrandam
713 631 802 679 praepri-

40 684 73 721 mis
88 682 220 719 commcndant
233 680 355 718 Tbucididem
362 680 385 725 ¹).

383 817 403 868 a.
418 818 455 857 47.

318 885 337 915 tl.
352 886 418 917 ludaeis
430 886 520 925 peculiaris.

91 971 269 1013 Peculiaritates
283 984 298 1013 a
311 972 408 1013 ‚ludaeis
422 972 446 1012 in
460 983 544 1024 graeco
559 970 668 1022 loquendi
682 982 727 1012 usn
736 981 802 1022 prae-

39 1029 75 1064 ter
88 1026 235 1064 hebraismos
249 1029 292 1065 etc.
307 1026 457 1073 observatae,
476 1029 516 1064 sive
535 1027 623 1064 notiones
640 1026 728 1074 judaicas
742 1037 802 1073 spec-

39 1082 67 1114 tes
82 1088 124 1113 curn
138 1078 237 1114 vocabulis
252 1078 328 1127 graecis
343 1079 466 1124 conjunctas,
485 1079 526 1115 sive
540 1079 693 1113 constructiones
707 1078 801 1123 respicias

39 1127 62 1165 ad
77 1131 138 1165 certas
152 1129 251 1165 notionum
264 1128 367 1166 relationes
377 1139 400 1165 ac
408 1127 475 1164 modos
486 1128 626 1176 exprimendos,
640 1132 659 1163 et
667 1128 734 1175 procul
744 1127 800 1163 dubio

40 1181 143 1221 edialecto
157 1182 232 1233 vulgari
245 1182 335 1231 repetitas
340 1193 345 1228 ;
365 1181 512 1231 peculiaritates,
527 1181 613 1230 inquam,
631 1180 667 1219 bae
682 1179 774 1220 nonnisi
789 1190 801 1219 e

40 1235 193 1282 scriptoribus
214 1235 348 1274 domesticis
370 1235 480 1283 cognosci
500 1236 611 1283 possunt,
633 1235 714 1282 quales
736 1235 802 1271 crant

41 1285 69 1321 70
83 1285 228 1333 interpretes,
241 1287 360 1333 Joscplms
374 1287 437 1323 Flav.
452 1289 474 1323 et
487 1286 567 1330 Philo,
582 1288 691 1322 arictores
706 1295 802 1333 apocry-

38 1336 136 1385 phorum
149 1335 176 1373 V.
191 1337 214 1373 et
226 1335 252 1373 N.
267 1336 292 1374 T.
308 1357 329 1362 -
346 1336 372 1373 ln
385 1335 462 1384 specie

93 1387 113 1427 1.
127 1388 210 1428 Versio
225 1387 377 1440 Septuaginta
391 1400 437 1428 non
452 1389 542 1428 tantum
556 1387 586 1428 ab
601 1386 684 1427 exteris
697 1386 801 1436 laudans,

39 1442 80 1480 sed
95 1442 164 1480 etiam
179 1454 193 1480 u
206 1443 423 1481 Palaestinensibus
437 1442 530 1480 maximi
548 1442 629 1480 habita
643 1443 666 1479 ct
680 1441 802 1489 diligenter

38 1493 110 1537 lecta,
129 1494 221 1539 linguae
240 1494 382 1539 Judaeorum
396 1504 495 1540 graecae
513 1494 584 1529 veluti
598 1503 683 1539 parens
698 1495 745 1537 est,
764 1493 802 1529 cui

39 1552 118 1579 omncs
133 1542 275 1581 llellenistae
289 1553 331 1592 pro
346 1544 438 1581 diverso
458 1544 562 1580 culturae
580 1542 707 1580 litterariae
727 1543 802 1590 gradu

39 1594 91 1646 plus
105 1595 211 1637 minusve
225 1596 394 1646 adhaeserunt3
409 1607 481 1647 quare
494 1594 572 1635 versio
587 1595 645 1635 hace
660 1594 729 1635 etiam
741 1594 766 1635 N.
776 1594 802 1634 T.

39 1650 174 1735 pignoribus
195 1653 343 1699 prototypmn
364 1650 432 1698 quasi
454 1661 512 1689 usus
534 1649 643 1697 loquendi
666 1649 745 1697 graeci
766 1660 802 1687 cx-

55 1700 62 1735 i
79 1700 119 1736 uit.

92 1749 112 1787 2.
131 1751 248 1800 Josepnus
263 1751 295 1789 Fl.
310 1753 332 1788 et
345 1748 413 1789 Philo
431 1750 508 1798 quoad
527 1752 627 1788 aetatem
646 1750 722 1788 sacris
736 1749 762 1787 N.
776 1750 802 1787 Τ.

39 1801 192 1854 scriptoribus
206 1802 304 1855 proximi
318 1806 396 1854 erant3
410 1805 531 1855 praetcrea
546 1802 573 1843 de
582 1802 664 1843 iisdem
674 1814 745 1855 saepe
754 1813 802 1842 ma-

39 1857 104 1896 teriis
123 1862 175 1896 cnm
189 1858 214 1896 N.
229 1858 254 1896 T.
269 1859 405 1897 auctoribus
422 1859 495 1896 verba
513 1859 625 1896 fecerunt.
647 1859 678 1897 Sic
692 1871 709 1895 v.
724 1870 742 1907 g.
758 1856 802 1905 qiud

40 1909 63 1943 sit
77 1910 135 1953 κρίσις
147 1910 179 1946 Mt.
194 1910 212 1954 5,
227 1910 269 1953 21.;
289 1910 333 1955 quid
352 1909 440 1956 deprecate
458 1910 495 1946 sibi
508 1910 578 1953 velint;
597 1910 642 1956 quid
656 1909 750 1957 significet
763 1910 803 1944 vox

40 1958 136 2003 βασιλικός
150 1959 218 1996 Joann.
232 1959 251 2005 4,
265 1959 308 2004 46.;
323 1960 368 2006 quid
383 1960 461 1996 denotet
475 1960 563 2006 ἐφημερίσι
576 1959 621 1995 Luc.
638 1959 654 2006 1,
670 1960 687 1995 5.
702 1959 731 2003 8.;
747 1958 802 2005 quale

39 2007 107 2050 testum
120 2011 214 2052 indicetur
231 2022 266 2064 per
284 2011 364 2062 tmuium
381 2007 551 2061 Joann.10‚22.;
569 2006 651 2061 deniqne
670 2021 719 2061 quae
734 2009 801 2050 sitris

39 2066 117 2103 rationis
132 2079 142 2104 a
156 2078 172 2105 s.
186 2067 238 2104 Luca
251 2066 293 2104 Act.
308 2065 340 2113 27,
354 2067 373 2104 9,
387 2065 416 2103 his·
434 2067 498 2104 verbis
517 2065 621 2103 iudicatae:
641 2062 672 2101 dud
686 2065 707 2102 τὸ
721 2062 754 2113 τὴν
768 2078 803 2112 νη-

40 2118 100 2152 στείαν
112 2114 148 2164 ἤδη
162 2119 320 2164 captiuitatem:
337 2118 386 2155 haec
400 2119 463 2154 omnia
476 2125 511 2165 per
530 2119 634 2164 'scriptores
648 2115 735 2154 laudatos
751 2118 803 2153 clare

41 2165 148 2204 edocemur.
168 2168 197 2204 Ex
211 2168 296 2216 Josepho
311 2169 361 2205 enim
380 2169 480 2214 discimus,
499 2168 557 2214 κρίσιν
575 2168 654 2204 ludaeis
674 2178 697 2203 eo
716 2172 803 2214 ternpore

40 2215 142 2272 denotasse
156 2220 285 2271 magistratum
299 2231 311 2259 e
324 2224 397 2271 septeni
412 2220 457 2258 viris
473 2219 603 2269 compostum,
618 2223 638 2257 et
650 2220 670 2257 in
680 2219 745 2269 quatis
755 2217 803 2256 urbe

40 2275 151 2319 provinciali
164 2274 291 2321 residentem,
306 2276 338 2323 qui
353 2275 376 2313 de
392 2275 454 2313 causis
468 2274 572 2312 minoribns
587 2274 728 2325 cognoscebat;
748 2284 802 2311 suni-

40 2326 74 2362 mis
88 2327 219 2364 sacerdotibus
234 2327 266 2363 illa
280 2330 342 2364 aetate
360 2332 399 2364 turn
418 2328 440 2364 ab
459 2327 576 2372 Herodibus‚
594 2331 633 2363 turn
648 2338 658 2363 a
672 2326 803 2374 procuratori-

39 2373 73 2410 bus
91 2378 175 2413 rouranis
196 2377 306 2423 frequenter
325 2377 418 2424 depositis
437 2374 527 2424 pristinae
547 2378 643 2425 dignitatis
664 2378 735 2413 titulum
757 2387 802 2412 esse

39 2424 135 2475 relictum3
154 2428 252 2477 ἐφημερίαν
270 2427 372 2465 denotasse
391 2428 441 2465 illam
460 2427 580 2466 sacerdotum
595 2428 686 2473 classem,
705 2436 753 2475 quae
768 2436 803 2475 per

40 2476 177 2522 hebdomadem
195 2482 259 2534 templi
278 2482 382 2522 ministerio
401 2481 526 2535 fungebatur3
544 2493 612 2522 vocem
629 2479 726 2532 βασιλικός
740 2479 802 2520 deno-

40 2595 229 2606 ———

61 2666 79 2708 1)
92 2667 124 2747 effi
138 2671 247 2748 plrlaelationes
262 2672 278 2703 iu
292 2671 424 2704 Bretsehneiden'
440 2669 504 2702 lexicon
522 2668 663 2711 gracco-latinum
679 2669 696 2701 in
711 2669 738 2701 lib.
752 2669 771 2701 N.
785 2668 803 2700 T.

92 2722 128 2746 ei.
162 2739 166 2748 .
