1765 2921
16 102 20 105 ’
81 102 124 140 138

80 196 196 248 propagines
211 198 260 248 ejus.
274 197 298 236 Ut
311 198 355 248 quid
370 197 480 236 destruxisti
492 197 592 236 maceriam
603 198 660 248 ejus?
673 198 789 237 vindemiant
799 209 841 236 earn

80 262 154 299 omnes,
169 249 201 301 dui
216 253 405 303 praetergrediuntur
415 253 480 290 viam?
493 252 630 290 Externiinavit
640 264 681 301 eant
692 265 738 302 aper
748 253 771 291 de
780 254 841 302 sylva,

80 308 99 340 ct
113 305 216 352 singularis
230 306 283 341 lerus
299 306 387 353 depastus
396 310 432 345 ,est
446 308 506 342 1111.α
520 302 606 342 ’51511111
621 306 655 342 bac
669 306 762 354 allegoria
776 317 841 352 popu-

79 354 109 391 lus
123 356 238 392 israeliticus
253 367 263 391 a
277 356 318 392 Deo
333 368 358 392 ex
371 356 460 405 Aegypto
479 357 499 392 in
516 356 640 393 Palaestinam
655 356 758 404 deductus,
778 357 842 393 omni-

78 405 114 442 bus
130 407 245 443 necessariis
260 407 370 453 instructus,
385 411 414 444 ast
428 408 490 445 serius
505 406 647 456 singulariDei
661 408 763 444 munimine
778 409 843 456 priva-

79 461 121 507 tus,
141 459 227 498 ornuibus
242 458 329 498 hostibus
344 461 455 510 expositus,
474 472 484 499 a
498 471 545 512 rege
560 460 626 499 feroce
645 459 754 499 devastatus
769 459 843 510 spolia-

79 516 155 561 tusque.
169 536 195 541 —
211 513 283 551 Eodem
302 513 359 551 modo
377 514 484 553 Ezechielis
500 515 531 559 16,
547 515 618 553 1—61).
637 516 672 553 sub
691 516 772 565 imagine
787 515 843 563 puel-

79 565 110 601 lae
123 576 168 601 mox
182 570 226 612 post
240 567 356 602 nativitatem
371 568 481 614 expositae,
500 578 511 603 a
524 568 566 604 Deo
581 572 644 603 autern
661 572 775 614 susceptae,
795 566 844 602 deli-

80 616 133 652 ciose
147 615 250 662 educatae,
266 617 366 664 splendide
380 622 470 664 ornatae,
486 618 568 666 denique
582 619 601 654 in
615 619 752 668 matrimonium
767 618 843 662 ductae,

80 678 130 716 quac
144 671 207 705 tamen
221 669 283 707 serius
298 670 360 707 evasit
374 670 460 708 adultera
475 674 494 708 et
508 671 609 720 prostituta
623 671 719 718 meretrix,
733 670 759 707 ita
773 673 794 707 ut
808 679 844 706 so-

79 732 143 760 rorem
156 733 211 766 suam
226 722 327 762 Sodomam
341 723 456 773 impudicitia
471 736 505 763 sua
521 725 580 774 longe
594 728 703 773 superaret,
718 747 744 752 —
758 723 844 773 depingit

80 775 175 822 propheta
190 776 283 813 beneficia
298 778 407 825 ingentem
418 778 516 823 judaicam
530 789 540 813 a
554 777 595 813 Deo
610 777 690 813 inde'ab
706 778 781 825 origine
795 777 843 823 ejus,

81 827 193 873 praesertim
207 827 227 863 in
241 827 311 864 Arabia
326 832 403 874 petraea
418 833 437 864 et
451 829 513 864 serius
528 828 603 871 collata,
617 838 654 863 nec
667 829 778 876 nongentis
788 827 844 874 hujus

82 877 163 913 animum
177 878 278 926 ingratum,
293 881 359 925 utpote
375 889 423 926 quac
437 889 475 916 uon
489 879 577 915 obstante
591 888 663 914 summa
676 878 713 915 Dei
725 878 844 928 benignitate

82 941 105 968 ac
119 929 211 981 singulari
225 942 270 969 cura
284 930 303 969 in
318 929 443 969 idololatriam
458 932 518 983 magis
532 931 631 983 magisque
647 930 763 981 delapsa,'et
778 941 844 969 omnes

81 983 118 1021 hac
132 985 150 1021 in
164 996 185 1021 re
200 985 268 1022 limites
283 984 331 1029 adeo
346 988 467 1034 transgressa
482 990 523 1033 cst,
537 990 558 1023 ut
571 985 706 1032 rempublicam
721 986 844 1023 Moabitarum

82 1040 102 1071 et
115 1036 245 1072 Amonitarum
259 1036 393 1083 praecelleret.
407 1037 433 1072 lta
444 1048 520 1084 quoque
530 1038 562 1077 lli.
573 1037 592 1083 3,
608 1037 639 1074 12.
654 1037 689 1073 sub
703 1038 786 1086 imagine
795 1048 845 1073 ven-

82 1086 154 1128 tilabri,
173 1087 224 1133 quod
239 1087 301 1123 estin
316 1098 372 1123 nranu
389 1088 439 1124 illius
453 1089 539 1134 venturi,
559 1089 590 1135 qui
609 1098 672 1124 aream
687 1098 739 1124 suam
754 1098 845 1136 permun-

82 1137 172 1186 daturus,
187 1139 268 1183 triticum
283 1139 302 1176 in
317 1139 407 1177 borreum
421 1145 584 1192 congregaturus,
599 1139 663 1190 paleas
678 1143 740 1177 autem
754 1141 799 1191 igne
813 1139 845 1176 in-

82 1192 203 1243 extinguibili
221 1193 354 1231 combusturus
374 1198 413 1242 est,
435 1198 591 1243 repraesentatur
609 1197 694 1243 potestas
714 1198 733 1232 et
750 1194 845 1241 voluntas,

83 1256 132 1292 quae
146 1257 191 1282 mox
205 1251 286 1282 venturo
301 1246 383 1284 lllessiae
398 1248 494 1294 competit,
509 1248 643 1283 discretionem
658 1246 753 1283 hominum
767 1248 846 1283 univer-

74 1297 145 1332 -salem
159 1298 287 1343 suscipiendi,
306 1298 362 1343 quum
376 1298 412 1333 rite
427 1298 531 1344 dispositos
546 1302 565 1334 et
580 1298 648 1345 dignos
663 1298 682 1333 in
697 1308 777 1346 regnum
791 1308 846 1333 suurn

83 1351 209 1395 recepturus,
224 1358 327 1395 perversos
341 1359 387 1396 vero
403 1348 550 1397 obstinacesque
565 1359 627 1385 exeo
642 1348 748 1396 rejecturus
764 1346 783 1385 'et
797 1359 846 1396 poe-

84 1400 114 1451 uis
130 1401 212 1439 aeternis
227 1399 355 1440 destinaturus
374 1402 404 1440 sit.
420 1424 444 1439 -.
463 1401 555 1452 Exempla
574 1402 721 1452 comparationis
741 1404 760 1440 et
778 1400 846 1440 simili-

85 1454 154 1493 tudinis
169 1460 223 1492 sunt:
250 1455 281 1493 lllt.
299 1455 318 1503 3,
339 1456 369 1494 16.
391 1456 422 1503 10,
443 1455 473 1495 16.
500 1457 531 1504 17,
551 1457 582 1495 20.
604 1456 651 1493 Luc.
670 1456 701 1503 11,
718 1455 751 1494 44.
776 1456 809 1503 21,
828 1456 847 1492 5.

83 1506 97 1542 l.
112 1507 155 1543 Cor.
170 1506 189 1553 3,
205 1507 236 1543 10.
250 1507 263 1543 l.
278 1508 344 1544 Thess.
359 1507 377 1553 3,
393 1509 410 1545 2.
424 1508 446 1544 Π.
461 1509 508 1544 Tim.
522 1510 540 1554 2,
557 1507 587 1544 17.
601 1508 670 1544 Jacobi
684 1508 758 1554 1,10.;
772 1508 804 1544 lit.
814 1507 846 1554 24,

34 1592 37 1597 ,
85 1556 116 1592 37.
130 1556 162 1594 38.
177 1558 217 1594 Jac.
231 1558 250 1602 2,
265 1558 308 1603 ao,
322 1558 353 1594 blt.
368 1558 400 1604 12,
413 1558 446 1595 45.
469 1558 500 1603 18,
516 1559 546 1595 14.
567 1557 600 1604 23,
615 1558 647 1596 28.
668 1557 713 1594 Luc.
729 1558 760 1604 15,
775 1557 793 1594 7.
816 1557 847 1604 14,

85 1607 116 1646 33.
139 1608 171 1661 17,
187 1609 217 1647 tu.
238 1608 372 1654 loann.3,8.
387 1610 401 1647 l.
416 1610 492 1658 0119,
508 1610 539 1648 14.
560 1609 636 1657 14,12.
655 1609 687 1658 15,
701 1609 734 1648 42.
749 1609 789 1648 Gal.
798 1609 818 1657 4,
828 1608 846 1647 3.

85 1662 127 1701 Jac.
147 1662 165 1709 1,
185 1663 215 1702 11.
237 1664 255 1711 2,
276 1662 307 1702 17.
332 1662 355 1712 3,
370 1665 389 1703 5.
409 1668 428 1703 11
446 1664 488 1703 alia.
516 1664 595 1715 lunago
614 1664 672 1704 adeo
691 1664 803 1713 obscura,
822 1665 847 1703 ut

85 1716 139 1754 iude
152 1722 192 1755 115
206 1717 339 1764 significata
352 1718 445 1755 rrouuisi
459 1719 571 1766 peculiari
589 1717 675 1766 ingenii
689 1718 795 1755 aeuruine
810 1729 847 1755 eo-

47 1791 51 1794 »
85 1768 167 1814 gnosei
181 1768 264 1815 possit,
279 1768 386 1815 aerrigma
400 1769 496 1815 dieitur,
512 1771 568 1816 quate
582 1770 653 1817 tegitur
666 1769 754 1805 Judioum
767 1769 801 1813 14,
809 1769 847 1805 ’14,

86 1818 126 1865 „De
141 1819 254 1856 comedente
269 1820 328 1856 exivit
342 1819 406 1865 cibus,
425 1824 443 1857 et
458 1820 481 1857 de
496 1820 540 1857 lorti
558 1830 638 1869 egressa
657 1824 687 1856 est
704 1820 808 1865 dulcedo,“
828 1823 848 1856 et

85 1870 139 1922 cujus
154 1871 225 1910 solutio
238 1870 340 1910 exhibetur
353 1884 370 1910 v.
386 1871 417 1911 18.
436 1871 496 1922 ,Quid
512 1871 585 1912 dulcius
600 1871 667 1921 melle,
687 1871 765 1922 etquid
779 1871 847 1911 lortius

85 1926 169 1965 leone?“
188 1926 399 1977 AenigmaApostolis
418 1928 518 1966 videbatur
536 1927 694 1970 dictumGhristi
712 1928 745 1965 lllt.
765 1927 796 1976 15,
816 1926 864 1965 11.-

86 1980 129 2016 cull.
145 1992 187 2016 curn
200 1992 218 2016 v.
234 1980 264 2016 15.

122 2030 184 2072 ,Per
197 2031 329 2077 symbolum
343 2032 452 2078 respectu
469 2030 581 2078 religioso
590 2030 606 2079 ¹)
620 2030 772 2077 intelligimus
790 2041 847 2076 rem,

85 2140 276 2154 —Q—

109 2212 127 2251 1)
140 2208 187 2250 Quod
198 2215 254 2245 attinet
264 2207 353 2254 symbdtum
362 2218 377 2247 in
390 2226 456 2257 genere,
473 2216 524 2255 probe
532 2215 649 2247 discernendae
660 2220 696 2246 suut
707 2214 804 2255 symbolicae
815 2224 847 2253 res,

139 2258 302 2295 repraesentationes,
319 2259 397 2295 actiones,
416 2259 529 2296 expressiones
545 2263 561 2287 et
577 2259 653 2288 visiones.
668 2259 687 2297 a)
703 2256 734 2286 Res
749 2256 847 2295 symbolicae

139 2301 177 2324 sunt
188 2295 253 2332 objecta
264 2298 349 2336 sensualia,
362 2308 403 2337 quae
416 2308 435 2327 ex
446 2307 497 2336 regno
509 2303 535 2327 ant
546 2299 609 2327 aninralt
621 2303 648 2326 aut
657 2297 728 2336 vegetali
743 2297 814 2326 desumta
826 2296 847 2325 ob

139 2338 247 2376 proprietates
258 2337 333 2377 physicas
344 2339 439 2369 adhibentur
448 2339 467 2368 ad
477 2338 567 2379 spirituales
577 2337 721 2377 designandas,uti
732 2347 747 2368 v.
759 2346 775 2377 g.
786 2337 848 2367 exani-

139 2378 219 2411 mautlhus
231 2379 263 2421 leo,
276 2380 334 2423 aquila,
346 2391 407 2425 agnus,
419 2392 439 2415 ex
449 2381 507 2424 plantis
520 2381 583 2420 cedrus,
597 2380 647 2414 lilium
662 2379 721 2421 albuin,
732 2389 769 2412 rosa
780 2389 848 2422 myoso-

139 2425 165 2465 tis,
182 2424 227 2457 color
241 2424 295 2465 ruber,
313 2425 364 2465 albus,
380 2429 426 2468 niger
443 2433 473 2458 etc.
491 2427 507 2467 b)
519 2427 680 2468 Repraesentationes
694 2424 796 2466 symbolicae,
811 2430 849 2457 sunt

140 2469 212 2507 picturae
229 2474 257 2499 aut
273 2474 335 2499 statuae
350 2474 383 2499 arte
398 2471 456 2507 sactae,
472 2470 529 2509 quibus
545 2475 588 2500 certa
600 2468 673 2499 attributa
684 2478 789 2507 personarum
799 2469 849 2498 instar

135 2509 241 2547 exhibentur,
253 2520 269 2540 v.
281 2520 297 2547 g.
307 2509 373 2548 justitia,
385 2512 488 2547 conscientia,
501 2510 582 2547 fortitudo,
597 2510 670 2540 victoria.
685 2512 702 2549 c)
714 2509 791 2539 Actiones
803 2519 848 2547 sym-

113 2553 115 2555 ’
139 2548 203 2581 helicae
215 2556 252 2579 sunt
263 2550 309 2587 tales,
322 2550 379 2590 quibus
392 2551 439 2579 animi
450 2560 504 2587 sensa,
516 2551 589 2586 allectus,
601 2551 684 2587 passiones
696 2550 801 2585 declarantur,
812 2559 828 2578 v.
834 2559 849 2588 g.

141 2587 180 2618 lotio
191 2599 263 2622 manuum
274 2592 290 2621 in
302 2592 365 2632 sign-um
377 2591 485 2621 innocentiae.
497 2592 515 2631 a)
526 2590 643 2630 Expressiones
659 2590 759 2631 symbolicae
770 2595 805 2620 sunt
818 2589 849 2620 dc-

141 2632 255 2666 nominationes
270 2634 373 2667 relationum·
384 2633 489 2677 spiritualium
506 2632 622 2677 perhumanus
643 2633 701 2673 laetae,
716 2643 748 2677 quo
760 2633 848 2676 praecipue

103 2702 106 2705 .
143 2676 221 2715 pertinent
237 2681 348 2720 expressiones
364 2678 541 2721 anthropomorphicae,
554 2680 729 2720 ann-opopocnicaeet
739 2677 849 2719 anthropopa-

90 2741 92 2743 .
143 2717 195 2749 tbicac
205 2720 224 2750 de
236 2721 270 2752 Deo
282 2723 370 2761 adhibitae;
385 2724 455 2764 deniqne
466 2726 483 2764 e)
495 2723 565 2754 visiones
577 2722 677 2762 symbolicae
690 2728 727 2753 sunt
738 2721 850 2762 phaenomena
