1787 2921
755 102 802 144 121.
814 137 817 140 ,

31 207 91 242 'tutum
106 201 193 251 quidem,
211 199 331 252 propriorum
346 206 408 241 tamen
425 202 567 241 commodorum
585 200 648 239 studio
662 199 688 238 ita
702 199 798 238 addictum

33 257 100 300 fuisse,
114 255 167 292 ut'ei
179 254 265 302 justitiae
279 255 460 294 adminstrationen
475 255 620 304 adtemperaret.
634 253 668 291 lllo
682 253 730 290 reoli
739 262 799 299 sensu

34 310 102 346 ductus
117 318 194 345 causam
208 307 262 355 Jesu,
277 319 332 357 quem
347 309 473 356 innocentem,
489 309 546 346 etot
561 306 621 345 solam
635 305 751 349 ludaeorum
766 304 798 341 in-

34 360 103 399 vidiam
117 360 154 397 sibi
169 360 257 398 traditum
271 371 316 399 esse
330 359 404 398 sciebat
418 361 462 407 (Mr.
477 360 508 408 15,
524 359 654 407 10.)‚'variis
673 358 734 395 modis
749 357 799 394 tueri

34 413 116 451 adnisus
127 416 166 459 est3
181 407 247 451 salutis
262 414 351 464 propriae
365 414 445 452 stimulis
460 411 513 452 actus
528 416 593 451 contra
608 411 706 449 meliorem
716 421 799 460 persua-

34 467 108 504 sionem
129 466 241 515 sententiam
263 466 330 515 capitis
351 465 398 504 tulit.
426 466 472 505 Gurn
491 467 577 505 nimirum
596 464 664 503 ludaei
681 466 711 501 sat
730 463 797 500 callide

35 519 108 557 demum
124 519 248 556 clamassent:
264 520 296 567 ,Si
309 518 360 557 hunc
374 520 458 567 dimittis,
472 530 511 558 non
526 530 548 558 es
562 520 634 557 amicus
649 515 749 563 Caesaris“
760 520 798 553 etc.

35 572 114 619 (loann.
129 571 160 619 19,
175 570 228 617 120:
247 571 328 620 Pilatus,
347 572 428 622 plurium
446 573 516 622 injuste
535 572 627 610 factorum
646 570 682 608 sihi
700 568 798 615 conscius,

35 625 122 672 timebat,
137 636 161 662 ne
175 624 213 671 illi,
231 624 307 672 Jesum,
327 636 383 673 quem
397 627 469 675 regiam
483 624 594 675 dignitatem
609 623 680 661 ambire
694 622 799 671 fingebant,

35 682 184 726 aprocuratore
198 688 261 726 poena
275 679 401 716 conveniente
421 689 460 716 non
478 689 523 716 esse
541 677 640 723 affectum,
660 676 684 713 ad
702 674 799 712 Tiberium

35 730 137 769 Gaesarem
148 731 232 768 maxime
247 731 374 780 suspiciosum
387 731 492 777 referrent,
512 731 579 779 sicque
597 727 702 766 severioris
716 727 813 777 indaga-'

35 784 93 821 tionis
101 784 129 820 ‘in
140 783 201 831 ipsius
215 782 285 833 agendi
299 787 319 820 et
331 782 423 821 iudaeam
438 783 579 834 administrandi
593 783 697 828 rationem,
714 781 800 829 impera-

36 835 83 874 toris
94 834 152 883 jussu
165 835 300 884 suscipiendae
314 840 403 873 auctores
418 840 490 873 essent.
510 835 572 879 Quare
585 834 662 881 Pilatus,
676 836 749 871 ultum
763 843 801 880 pe-

35 888 116 925 riculum
130 888 227 936 proprium
242 889 332 935 evitaret,
351 892 389 925 turn
404 889 534 926 conscientiae
547 888 592 925 voci
606 885 745 936 quodammodo
759 884 801 923 sal-

35 944 73 977 tem
92 939 222 986 satisfaceret,
241 939 307 978 Jesuro
326 940 418 978 voluntati
436 941 552 978 ludaeorum
571 938 657 986 tradidit,
678 937 734 976 simul
752 947 800 974 vero

36 992 105 1030 Christi
118 992 245 1030 innocentiam
259 990 323 1030 verbis
338 996 357 1030 et
370 992 422 1030 facto
437 993 542 1041 symbolioo
552 991 628 1041 publice
638 993 755 1028 contestatus
765 992 801 1027 est.

89 1043 110 1083 2.
124 1043 227 1084 Affectus
242 1044 370 1093 loquentis3
384 1056 427 1094 pro
442 1044 534 1083 diverso
547 1043 608 1082 enirn
617 1042 740 1082 hominurn.
746 1042 800 1080 cha·

36 1098 128 1136 ractere
142 1096 225 1135 morali
239 1097 327 1136 diversi
341 1096 410 1135 etiam
425 1097 521 1136 excitari
539 1097 616 1135 solent
630 1095 711 1134 eadent
725 1094 754 1132 de
767 1105 801 1140 re,

36 1149 119 1188 iisdem
131 1148 161 1187 'iu
179 1148 362 1201 circumstantiis
381 1149 452 1188 animi
469 1151 554 1188 motus.
575 1149 608 1188 Sic
625 1160 644 1186 v.
658 1160 677 1197 g.
692 1148 749 1186 homo
763 1147 802 1184 he-

36 1202 89 1251 nigni
102 1201 216 1250 humanique
231 1202 287 1239 animi
301 1202 384 1239 laetitiae
398 1202 469 1239 affectu
483 1199 575 1248 movetur,
590 1201 633 1238 dum
646 1201 694 1238 alios
708 1202 802 1248 prospera

36 1258 90 1291 sorte
103 1253 189 1291 fruentes
204 1253 265 1299 viden
284 1254 363 1292 eaedem
381 1265 429 1292 vero
445 1254 602 1291 circumstantiae
616 1254 635 1290 in
649 1252 726 1290 homine
739 1252 802 1288 male·
851 1254 855 1259 ’

37 1305 90 1352 uolo,
104 1304 205 1343 inhumano
220 1306 308 1343 invidiam
323 1309 342 1343 et
355 1306 504 1355 indignationem
520 1308 611 1355 excitant.
632 1305 736 1352 Praecipue
753 1314 801 1341 vero

89 1356 111 1395 3.
126 1356 234 1405 affectus,
249 1369 295 1406 quo
309 1357 441 1407 loquentem
455 1357 582 1396 incaluisse
597 1358 697 1403 constat,
711 1351 801 1393 indoles

37 1408 134 1455 irroratis
155 1409 333 1457 determinatum
354 1421 408 1448 nam
427 1410 527 1449 affectus
549 1409 678 1448 immoratis
697 1407 743 1454 dici
763 1418 802 1445 ne-

37 1461 108 1509 quit,⁴
118 1459 187 1508 cujus
204 1462 258 1500 fons
277 1463 313 1500 est
326 1461 367 1500 Dei
382 1463 404 1500 et
418 1462 515 1511 proximi
529 1462 645 1508 charnas,
665 1460 704 1508 qui
722 1460 802 1507 itaque

38 1514 119 1565 contra
132 1513 189 1551 'uitia
203 1513 293 1563 potius,
312 1525 382 1563 quarn
397 1516 478 1553 contra
497 1514 602 1553 hornines
616 1513 701 1559 tendit,
720 1514 761 1550 aut
775 1522 803 1550 ex

37 1567 116 1612 oestro
130 1565 221 1615 poetico
235 1566 319 1614 inagis,
334 1577 404 1616 quani
419 1577 446 1605 ex
460 1567 530 1605 corde
544 1566 656 1616 procedit,
669 1577 716 1615 ing.
729 1565 803 1613 impre-

37 1619 124 1655 cationes
137 1619 157 1655 in
170 1618 256 1655 Psalmis.

383 1733 402 1781 s.
418 1731 456 1771 aa.

190 1797 259 1838 .ltl.·l)e
271 1798 332 1829 cultura
343 1799 449 1830 intellectuali
460 1804 477 1830 et
487 1799 544 1830 morati
555 1799 644 1840 loquentis.

90 1877 136 1915 Per
150 1877 265 1916 culturam
279 1877 458 1917 intellectualem
472 1890 501 1917 ao
512 1879 625 1917 moralem
639 1877 755 1927 loquentis
769 1878 803 1916 in·

37 1929 162 1977 telligiruus
182 1928 234 1977 ejus
253 1930 371 1979 cogitandi
390 1933 412 1969 et
426 1931 540 1969 sentiendi
555 1931 681 1976 rationem,
700 1941 804 1976 necnon

39 1981 141 2030 cogitata
161 1982 277 2030 sensaque
298 1993 343 2021 sua
358 1982 506 2032 ,exprimendi
526 1983 628 2021 modurn.
655 1983 707 2021 Huc
724 1982 803 2031 itaque

38 2033 165 2082 pertinent:
175 2073 177 2076 ,
456 2040 460 2050 ⁵

93 2084 113 2123 l.
127 2084 226 2124 Notitiae
240 2087 289 2125 tum
303 2097 380 2133 verae,
394 2087 443 2123 turn
458 2096 577 2133 erroneae,
592 2086 705 2136 principia
719 2085 804 2135 prinia-

39 2136 82 2183 ria,
97 2139 212 2186 quatenns
226 2139 263 2177 vel
277 2138 345 2177 dictis
359 2149 381 2176 v.
395 2138 465 2176 tactis
480 2140 518 2176 sut
532 2139 602 2177 claris
616 2139 804 2185 rrrarrifestantnr‚

39 2189 160 2238 opiniones
171 2190 355 2240 praeconceptae
364 2193 387 2229 et
395 2188 548 2240 praejudicia,
563 2191 656 2241 paucis:
671 2191 804 2240 complexus

39 2242 208 2292 cognitionum,
227 2244 312 2292 quibus
326 2244 424 2292 loquens
439 2243 521 2293 pollet,
539 2255 666 2294 earumque
683 2244 805 2294 perfectio·

39 2294 75 2334 nis
90 2295 185 2343 gradus.
429 2305 439 2321 ι

52 2386 54 2390 ,
79 2347 113 2386 >2.
132 2347 198 2386 Varii
212 2347 314 2396 cogitata
329 2359 446 2398 sensaque
460 2348 661 2398 sua'cxprinrendi
674 2348 748 2394 moui,
763 2359 806 2387 scu

39 2401 114 2448 varia,
128 2400 212 2450 quibus
226 2401 324 2449 loquens
339 2402 423 2449 utitur,
433 2400 524 2440 dicendi
538 2413 631 2450 genera.

37 2473 40 2474 ⁷
85 2455 171 2505 'Quare
186 2453 277 2492 cultura
291 2454 408 2503 loquentis
423 2455 505 2504 sponte
519 2465 564 2493 sua
578 2454 602 2493 in
616 2455 680 2493 *duas
695 2453 806 2492 dilabitur

39 2507 130 2555 partes,
152 2508 267 2555 quatenus
285 2506 394 2546 rriruirunr
412 2507 488 2545 influit
505 2506 530 2546 in
548 2507 661 2547 orationis
682 2506 805 2545 ruateriaur

1 2558 3 2563 '
40 2561 62 2597 et
70 2556 183 2599 'forruann
